%% This BibTeX bibliography file was created using BibDesk.
%% http://bibdesk.sourceforge.net/


%% Created for Jessica Lundin at 2013-06-07 09:13:51 -0700 


%% Saved with string encoding Unicode (UTF-8) 



@article{Orsi:2012,
	Author = {Orsi, Anais J. and Cornuelle, Bruce D. and Severinghaus, Jeffrey P.},
	Date-Added = {2013-06-07 16:13:42 +0000},
	Date-Modified = {2013-06-07 16:13:51 +0000},
	Doi = {10.1029/2012GL051260},
	Issn = {0094-8276},
	Journal = {Geophysical Research Letters},
	Month = may,
	Number = {9},
	Shorttitle = {Little Ice Age cold interval in West Antarctica},
	Title = {Little Ice Age cold interval in West Antarctica: Evidence from borehole temperature at the West Antarctic Ice Sheet {(WAIS)} Divide},
	Url = {http://www.agu.org/pubs/crossref/2012/2012GL051260.shtml},
	Urldate = {2012-10-10},
	Volume = {39},
	Year = {2012},
	Bdsk-Url-1 = {http://www.agu.org/pubs/crossref/2012/2012GL051260.shtml},
	Bdsk-Url-2 = {http://dx.doi.org/10.1029/2012GL051260}}

@article{Dansgaard:1969,
	Abstract = {A correlation of time with depth has been evaluated for the Camp Century, Greenland, 1390 meter deep ice core. Oxygen isotopes in approximately 1600 samples throughout the core have been analyzed. Long-term variations in the isotopic composition of the ice reflect the climatic changes during the past nearly 100,000 years. Climatic oscillations with periods of 120, 940, and 13,000 years are observed.},
	Author = {Dansgaard, W. and Johnsen, S. J. and M{\o}ller, J. and Langway, C. C.},
	Date-Added = {2012-08-29 16:11:23 -0700},
	Date-Modified = {2012-08-29 16:11:23 -0700},
	Doi = {10.1126/science.166.3903.377},
	Eprint = {http://www.sciencemag.org/content/166/3903/377.full.pdf},
	Journal = {Science},
	Number = {3903},
	Pages = {377-380},
	Title = {One Thousand Centuries of Climatic Record from Camp Century on the Greenland Ice Sheet},
	Url = {http://www.sciencemag.org/content/166/3903/377.abstract},
	Volume = {166},
	Year = {1969},
	Bdsk-Url-1 = {http://www.sciencemag.org/content/166/3903/377.abstract},
	Bdsk-Url-2 = {http://dx.doi.org/10.1126/science.166.3903.377}}

@article{Koutnik:2012,
	Author = {Koutnik, Michelle R. and Waddington, E. D.},
	Date-Added = {2012-03-13 10:47:03 -0700},
	Date-Modified = {2012-03-13 10:47:48 -0700},
	Journal = {Journal of Glaciology},
	Title = {A well-posed model of transient ice flow near an ice divide using a spatially limited domain},
	Year = {2012, In review}}

@article{rignot:2011,
	Author = {Rignot, E. and Velicogna, I. and van den Broeke, M. R. and Monaghan, A. and Lenaerts, J.},
	Date-Added = {2012-03-12 15:56:00 -0700},
	Date-Modified = {2012-03-12 15:56:13 -0700},
	Doi = {10.1029/2011GL046583},
	Issn = {0094-8276},
	Journal = {Geophysical Research Letters},
	Month = mar,
	Number = {5},
	Title = {Acceleration of the contribution of the Greenland and Antarctic ice sheets to sea level rise},
	Url = {http://www.agu.org/pubs/crossref/2011/2011GL046583.shtml},
	Volume = {38},
	Year = {2011},
	Bdsk-Url-1 = {http://www.agu.org/pubs/crossref/2011/2011GL046583.shtml},
	Bdsk-Url-2 = {http://dx.doi.org/10.1029/2011GL046583}}

@article{Arnaud:2000fk,
	Author = {Laurent Arnaud and Barnola, Jean-Marc and Duval, Paul},
	Date-Added = {2012-03-12 08:28:41 -0700},
	Date-Modified = {2012-03-12 08:31:40 -0700},
	Journal = {Physics of Ice Core Records},
	Pages = {285-305},
	Title = {Physical modeling of the densification of snow/firn and ice in the upper part of polar ice sheets},
	Year = {2000}}

@article{Rasmussen:fk,
	Author = {Rasmussen, S. O. and Andersen, K. K. and Svensson, A. M. and Steffensen, J P and Vinther, B M and Clausen, H B and Siggaard-Andersen, M L and Johnsen, S J and Larsen, L B and Dahl-Jensen, D and Bigler, M and R{\"o}thlisberger, R and Fischer, H and Goto-Azuma, K and Hansson, M E and Ruth, U},
	Date-Added = {2012-03-12 08:07:20 -0700},
	Date-Modified = {2012-03-12 08:09:57 -0700},
	Doi = {10.1029/2005JD006079},
	Journal = {Journal of Geophysical Research},
	Number = {D6},
	Pages = {1-16},
	Title = {A new {Greenland} ice core chronology for the last glacial termination},
	Volume = {111},
	Year = {2006},
	Bdsk-Url-1 = {http://dx.doi.org/10.1029/2005JD006079}}

@article{Rosen:2011fk,
	Author = {Julia Rosen and Brook, Edward J. and Severinghaus, Jeffrey and Mitchell, Logan},
	Date-Added = {2012-03-12 08:06:52 -0700},
	Date-Modified = {2012-03-12 09:39:46 -0700},
	Journal = {Geophysical Research Abstracts},
	Pages = {9005-9005},
	Title = {New insights on the phasing of atmospheric methane and temperature change during the {Last Glacial Termination} from the {North Greenland Eemian ( NEEM ) Ice Core}},
	Volume = {13},
	Year = {2011}}

@article{welch:2003,
	Author = {Welch, Brian C. and Jacobel, Robert W.},
	Date-Added = {2012-03-02 09:30:00 -0800},
	Date-Modified = {2012-03-02 09:30:00 -0800},
	Doi = {10.1029/2003GL017210},
	Issn = {0094-8276},
	Journal = {Geophysical Research Letters},
	Number = {8},
	Title = {Analysis of deep-penetrating radar surveys of {West Antarctica}, {US-ITASE} 2001},
	Url = {http://www.agu.org/pubs/crossref/2003/2003GL017210.shtml},
	Volume = {30},
	Year = {2003},
	Bdsk-Url-1 = {http://www.agu.org/pubs/crossref/2003/2003GL017210.shtml},
	Bdsk-Url-2 = {http://dx.doi.org/10.1029/2003GL017210}}

@article{morse:2002,
	Author = {Morse, David L. and Blankenship, Donald D. and Waddington, Edwin D. and Neumann, Thomas A.},
	Date-Added = {2012-03-02 09:17:19 -0800},
	Date-Modified = {2012-03-02 09:18:32 -0800},
	Doi = {10.3189/172756402781816636},
	Issn = {02603055, 17275644},
	Journal = {Annals of Glaciology},
	Month = jan,
	Number = {1},
	Pages = {36--44},
	Shorttitle = {A site for deep ice coring in West Antarctica},
	Title = {A site for deep ice coring in {West Antarctica}: results from aerogeophysical surveys and thermo-kinematic modeling},
	Url = {http://openurl.ingenta.com/content/xref?genre=article&issn=0260-3055&volume=35&issue=1&spage=36},
	Volume = {35},
	Year = {2002},
	Bdsk-Url-1 = {http://openurl.ingenta.com/content/xref?genre=article&issn=0260-3055&volume=35&issue=1&spage=36},
	Bdsk-Url-2 = {http://dx.doi.org/10.3189/172756402781816636}}

@article{conway:2009,
	Author = {Conway, H. and Rasmussen, L. A.},
	Date-Added = {2012-03-02 09:07:03 -0800},
	Date-Modified = {2012-03-02 09:18:57 -0800},
	Doi = {10.1029/2009GL038072},
	Issn = {0094-8276},
	Journal = {Geophysical Research Letters},
	Month = jun,
	Number = {12},
	Title = {Recent thinning and migration of the {Western Divide}, central {West Antarctica}},
	Url = {http://www.agu.org/pubs/crossref/2009/2009GL038072.shtml},
	Volume = {36},
	Year = {2009},
	Bdsk-Url-1 = {http://www.agu.org/pubs/crossref/2009/2009GL038072.shtml},
	Bdsk-Url-2 = {http://dx.doi.org/10.1029/2009GL038072}}

@book{bogorodskii_1985,
	Address = {Dordrecht, Holland},
	Author = {Bogorodskii, V. V and Bentley, Charles R and Gudmandsen, P. E},
	Date-Added = {2012-03-02 08:46:54 -0800},
	Date-Modified = {2012-03-12 08:58:39 -0700},
	Isbn = {9027718938 9789027718938},
	Publisher = {D. Reidel Publishing Co.},
	Title = {Radioglaciology},
	Year = {1985}}

@article{bay:2006,
	Author = {Bay, R. C. and Bramall, N. E. and Price, P. B. and Clow, G. D. and Hawley, R. L. and Udisti, R. and Castellano, E.},
	Date-Added = {2012-02-26 08:15:52 -0800},
	Date-Modified = {2012-02-26 08:16:04 -0800},
	Doi = {10.1029/2005JD006306},
	Issn = {0148-0227},
	Journal = {Journal of Geophysical Research},
	Number = {D11},
	Title = {Globally synchronous ice core volcanic tracers and abrupt cooling during the last glacial period},
	Url = {http://www.agu.org/pubs/crossref/2006/2005JD006306.shtml},
	Volume = {111},
	Year = {2006},
	Bdsk-Url-1 = {http://www.agu.org/pubs/crossref/2006/2005JD006306.shtml},
	Bdsk-Url-2 = {http://dx.doi.org/10.1029/2005JD006306}}

@article{Spencer:2006,
	Abstract = {Past accumulation rate can be estimated from the measured number-density of bubbles in an ice core and the reconstructed paleotemperature, using a new technique. Density increase and grain growth in polar firn are both controlled by temperature and accumulation rate, and the integrated effects are recorded in the number-density of bubbles as the firn changes to ice. An empirical model of these processes, optimized to fit published data on recently formed bubbles, reconstructs accumulation rates using recent temperatures with an uncertainty of 41% (&lt;I>P&lt;/I> &amp;#60; 0.05). For modern sites considered here, no statistically significant trend exists between mean annual temperature and the ratio of bubble number-density to grain number-density at the time of pore close-off; optimum modeled accumulation-rate estimates require an eventual &amp;#8764;2.02 &amp;#177; 0.08 (&lt;I>P&lt;/I> &amp;#60; 0.05) bubbles per close-off grain. Bubble number-density in the GRIP (Greenland) ice core is qualitatively consistent with independent estimates for a combined temperature decrease and accumulation-rate increase there during the last 5 kyr.},
	Author = {Spencer, M. K. and Alley, R. B. and Fitzpatrick, J. J.},
	Date-Added = {2012-02-23 13:03:38 -0800},
	Date-Modified = {2012-03-12 10:02:40 -0700},
	Doi = {10.3189/172756506781828638},
	Journal = {Journal of Glaciology},
	Number = {178},
	Pages = {358-364},
	Title = {Developing a bubble number-density paleoclimatic indicator for glacier ice},
	Url = {http://www.ingentaconnect.com/content/igsoc/jog/2006/00000052/00000178/art00003},
	Volume = {52},
	Year = {2006},
	Bdsk-Url-1 = {http://www.ingentaconnect.com/content/igsoc/jog/2006/00000052/00000178/art00003},
	Bdsk-Url-2 = {http://dx.doi.org/10.3189/172756506781828638}}

@article{EPICA:2004,
	Author = {{EPICA members}},
	Date-Added = {2012-02-18 09:43:47 -0800},
	Date-Modified = {2012-02-20 19:35:58 -0800},
	Doi = {10.1038/nature02599},
	Issn = {0028-0836},
	Journal = {Nature},
	Month = jun,
	Number = {6992},
	Pages = {623--628},
	Title = {Eight glacial cycles from an {Antarctic} ice core},
	Url = {http://dx.doi.org/10.1038/nature02599},
	Volume = {429},
	Year = {2004},
	Bdsk-Url-1 = {http://dx.doi.org/10.1038/nature02599}}

@article{andersen:2004,
	Author = {Andersen, K. K. and Azuma, N. and Barnola, {J.-M.} and Bigler, M. and Biscaye, P. and Caillon, N. and Chappellaz, J. and Clausen, H. B. and {Dahl-Jensen}, D. and Fischer, H. and Fl{\"u}ckiger, J. and Fritzsche, D. and Fujii, Y. and {Goto-Azuma}, K. and Gr{\o}nvold, K. and Gundestrup, N. S. and Hansson, M. and Huber, C. and Hvidberg, C. S. and Johnsen, S. J. and Jonsell, U. and Jouzel, J. and Kipfstuhl, S. and Landais, A. and Leuenberger, M. and Lorrain, R. and {Masson-Delmotte}, V. and Miller, H. and Motoyama, H. and Narita, H. and Popp, T. and Rasmussen, S. O. and Raynaud, D. and Rothlisberger, R. and Ruth, U. and Samyn, D. and Schwander, J. and Shoji, H. and {Siggard-Andersen}, {M.-L.} and Steffensen, J. P. and Stocker, T. and Sveinbj{\"o}rnsd{\'o}ttir, A. E. and Svensson, A. and Takata, M. and Tison, {J.-L.} and Thorsteinsson, Th. and Watanabe, O. and Wilhelms, F. and White, J. W. C.},
	Date-Added = {2012-02-18 09:36:25 -0800},
	Date-Modified = {2012-02-18 09:54:20 -0800},
	Doi = {10.1038/nature02805},
	Issn = {0028-0836, 1476-4679},
	Journal = {Nature},
	Month = sep,
	Number = {7005},
	Pages = {147--151},
	Title = {High-resolution record of {Northern Hemisphere} climate extending into the last interglacial period},
	Url = {http://www.nature.com/doifinder/10.1038/nature02805},
	Volume = {431},
	Year = {2004},
	Bdsk-Url-1 = {http://www.nature.com/doifinder/10.1038/nature02805},
	Bdsk-Url-2 = {http://dx.doi.org/10.1038/nature02805}}

@article{morse_ice_1998,
	Author = {Morse, D. L. and Waddington, E. D. and Steig, E. J.},
	Date-Added = {2012-01-31 13:33:00 -0800},
	Date-Modified = {2012-03-12 08:22:47 -0700},
	Doi = {10.1029/98GL52486},
	Issn = {0094-8276},
	Journal = {Geophysical Research Letters},
	Number = {17},
	Pages = {3383},
	Title = {Ice Age storm trajectories inferred from radar stratigraphy at {Taylor Dome, Antarctica}},
	Url = {http://www.agu.org/pubs/crossref/1998/98GL52486.shtml},
	Volume = {25},
	Year = {1998},
	Bdsk-Url-1 = {http://www.agu.org/pubs/crossref/1998/98GL52486.shtml},
	Bdsk-Url-2 = {http://dx.doi.org/10.1029/98GL52486}}

@article{Waddington:milano,
	Author = {Waddington, E.D. and Brook, E.J. and Morse, D.L. and Conway, H and Barnett, B and Taylor, K.C.},
	Date-Added = {2012-01-29 11:59:15 -0800},
	Date-Modified = {2012-03-07 11:47:57 -0800},
	Journal = {Seventh International Symposium on Antarctic Glaciology, Milano Italy, 25-29 August},
	Title = {Interpolation of sparse depth-age data in ice cores, and inference of accumulation-rate history: an inverse approach},
	Year = {2003}}

@book{Paterson:1994,
	Author = {W. S. B Paterson},
	Date-Added = {2012-01-15 13:35:59 -0800},
	Date-Modified = {2012-03-12 09:47:59 -0700},
	Edition = {3rd},
	Issn = {1096-9837},
	Journal = {Earth Surface Processes and Landforms},
	Publisher = {Elsevier, Oxford, New York and Tokyo},
	Title = {The physics of glaciers},
	Url = {http://dx.doi.org/10.1002/(SICI)1096-9837(199610)21:10<980::AID-ESP586>3.0.CO;2-G},
	Year = {1994},
	Bdsk-Url-1 = {http://dx.doi.org/10.1002/(SICI)1096-9837(199610)21:10%3C980::AID-ESP586%3E3.0.CO;2-G}}

@article{Kobashi:2007uq,
	Author = {Takuro Kobashi and Severinghaus, Jeffrey P and Brook, Edward J and Barnola, Jean-Marc and Grachev, Alexi M},
	Date-Added = {2012-01-15 08:57:14 -0800},
	Date-Modified = {2012-01-15 08:57:14 -0800},
	Doi = {10.1016/j.quascirev.2007.01.009"},
	Journal = {Quaternary Science Reviews},
	Number = {9-10},
	Pages = {1212-1222},
	Title = {Precise timing and characterization of abrupt climate change 8200 years ago from air trapped in polar ice},
	Volume = {26},
	Year = {2007},
	Bdsk-Url-1 = {http://dx.doi.org/10.1016/j.quascirev.2007.01.009%22}}

@article{Severinghaus:1999fk,
	Author = {Jeffrey P Severinghaus and Brook, Edward J},
	Date-Added = {2012-01-15 08:57:11 -0800},
	Date-Modified = {2012-03-12 08:44:53 -0700},
	Doi = {10.1126/science.286.5441.930},
	Journal = {Science},
	Number = {5441},
	Pages = {930-934},
	Title = {Abrupt Climate Change at the End of the Last Glacial Period Inferred from Trapped Air in Polar Ice},
	Volume = {286},
	Year = {1999},
	Bdsk-Url-1 = {http://dx.doi.org/10.1126/science.286.5441.930%22}}

@unpublished{McConnell:2011,
	Author = {{McConnell}, J. R.},
	Date-Added = {2012-01-12 12:57:19 -0800},
	Date-Modified = {2012-03-12 13:27:36 -0700},
	Note = {Preliminary data from the WAIS Divide Drilling project},
	Title = {Shallow depth, age, accumulation, density and for {WAIS D}.},
	Year = {2011}}

@article{Landais:2006,
	Author = {A. Landais and J.-M. Barnola and K. Kawamura and N. Caillon and M. Delmotte and T. Van Ommen and G. Dreyfus and J. Jouzel and V. Masson-Delmotte and B. Minster and J. Freitag and M. Leuenberger and J. Schwander and C. Huber and D. Etheridge and V. Morgan},
	Date-Added = {2012-01-11 21:25:04 -0800},
	Date-Modified = {2012-03-12 09:08:07 -0700},
	Doi = {10.1016/j.quascirev.2005.06.007},
	Issn = {0277-3791},
	Journal = {Quaternary Science Reviews},
	Number = {1-2},
	Pages = {49 - 62},
	Title = {Firn-air d15{N} in modern polar sites and glacial-interglacial ice: a model-data mismatch during glacial periods in {Antarctica}?},
	Url = {http://www.sciencedirect.com/science/article/pii/S0277379105001952},
	Volume = {25},
	Year = {2006},
	Bdsk-Url-1 = {http://www.sciencedirect.com/science/article/pii/S0277379105001952},
	Bdsk-Url-2 = {http://dx.doi.org/10.1016/j.quascirev.2005.06.007}}

@article{Buizert:2011,
	Author = {Buizert, C. and Martinerie, P. and Petrenko, V. V. and Severinghaus, J. P. and Trudinger, C. M. and Witrant, E. and Rosen, J. L. and Orsi, A. J. and Rubino, M. and Etheridge, D. M. and Steele, L. P. and Hogan, C. and Laube, J. C. and Sturges, W. T. and Levchenko, V. A. and Smith, A. M. and Levin, I. and Conway, T. J. and Dlugokencky, E. J. and Lang, P. M. and Kawamura, K. and Jenk, T. M. and White, J. W. C. and Sowers, T. and Schwander, J. and Blunier, T.},
	Date-Added = {2012-01-11 21:18:52 -0800},
	Date-Modified = {2012-03-12 08:36:51 -0700},
	Doi = {10.5194/acpd-11-15975-2011},
	Journal = {Atmospheric Chemistry and Physics Discussions},
	Number = {5},
	Pages = {15975--16021},
	Title = {Gas transport in firn: multiple-tracer characterisation and model intercomparison for {NEEM, Northern Greenland}},
	Url = {http://www.atmos-chem-phys-discuss.net/11/15975/2011/},
	Volume = {11},
	Year = {2011},
	Bdsk-Url-1 = {http://www.atmos-chem-phys-discuss.net/11/15975/2011/},
	Bdsk-Url-2 = {http://dx.doi.org/10.5194/acpd-11-15975-2011}}

@book{AMS:glossary,
	Address = {Boston, MA},
	Author = {{American Meteorogical Society}},
	Date-Added = {2012-01-11 21:06:23 -0800},
	Date-Modified = {2012-03-05 16:29:08 -0800},
	Edition = {2nd},
	Editor = {T.S. Glickman},
	Keywords = {http://amsglossary.allenpress.com/glossary},
	Lastchecked = {3/5/2012},
	Publisher = {Allen Press},
	Title = {Glossary of Meteorology},
	Urldate = {Jan 2012},
	Year = {2000}}

@book{NSIDC:glossary,
	Address = {Boulder, CO},
	Author = {NSIDC},
	Date-Added = {2012-01-11 20:55:23 -0800},
	Date-Modified = {2012-03-05 16:29:36 -0800},
	Keywords = {http://nsidc.org/cgi-bin/words/glossary.pl},
	Lastchecked = {3/5/2012},
	Publisher = {{National Snow and Ice Data Center}},
	Title = {Cryosphere Glossary},
	Year = {undated},
	Bdsk-Url-1 = {http://nsidc.org/cgi-bin/words/glossary.pl}}

@book{Al:glossary,
	Address = {Paris},
	Author = {J. G. Cogley and R. Hock and L. A. Rasmussen and A. A. Arendt and A. Bauder and R. J. Braithwaite and P. Jansson and G. Kaser and M. M{\"o}ller and L. Nicholson and M. Zemp},
	Date-Added = {2012-01-11 20:43:28 -0800},
	Date-Modified = {2012-03-12 09:55:58 -0700},
	Publisher = {IHP-VII Technical Documents in Hydrology, UNESCO-IHP},
	Title = {Glossary of Glacier Mass Balance and Related Terms},
	Volume = {IACS Contribution No. 2, 86},
	Year = {2011}}

@article{Alley:1992,
	Adsnote = {Provided by the SAO/NASA Astrophysics Data System},
	Adsurl = {http://adsabs.harvard.edu/abs/1992JGlac..38..245A},
	Author = {{Alley}, R.~B.},
	Date-Added = {2012-01-09 10:59:42 -0800},
	Date-Modified = {2012-01-09 11:00:01 -0800},
	Journal = {Journal of Glaciology},
	Pages = {245-256},
	Title = {{Flow-law hypotheses for ice-sheet modeling}},
	Volume = 38,
	Year = 1992}

@unpublished{Orsi:pers,
	Author = {Orsi, A.},
	Date-Added = {2012-01-09 09:43:37 -0800},
	Date-Modified = {2012-01-30 14:52:38 -0800},
	Note = {Unpublished results},
	Title = {Personal Communication},
	Year = {2011}}

@article{Battle:2011,
	Author = {Battle, M. O. and Severinghaus, J. P. and Sofen, E. D. and Plotkin, D. and Orsi, A. J. and Aydin, M. and Montzka, S. A. and Sowers, T. and Tans, P. P.},
	Date-Added = {2012-01-07 12:56:03 -0800},
	Date-Modified = {2012-03-12 08:35:04 -0700},
	Doi = {10.5194/acpd-11-18633-2011},
	Journal = {Atmospheric Chemistry and Physics Discussions},
	Number = {6},
	Pages = {18633--18675},
	Title = {Controls on the movement and composition of firn air at the {West Antarctic Ice Sheet Divide}},
	Url = {http://www.atmos-chem-phys-discuss.net/11/18633/2011/},
	Volume = {11},
	Year = {2011},
	Bdsk-Url-1 = {http://www.atmos-chem-phys-discuss.net/11/18633/2011/},
	Bdsk-Url-2 = {http://dx.doi.org/10.5194/acpd-11-18633-2011}}

@book{Petrenko:1999,
	Address = {New York},
	Author = {V. F. Petrenko and R. W. Whitworth},
	Date-Added = {2012-01-05 10:40:54 -0800},
	Date-Modified = {2012-01-05 10:42:35 -0800},
	Publisher = {Oxford University Press},
	Title = {Physics of Ice},
	Year = {1999}}

@article{acpd-4-1817-2004,
	Author = {Kaspers, K. A. and van de Wal, R. S. W. and van de Broeke, M. R. and Schwander, J. and van Lipzig, N. P. M. and Brenninkmeijer, C. A. M.},
	Date-Added = {2012-01-04 17:48:25 -0800},
	Date-Modified = {2012-03-12 08:14:58 -0700},
	Doi = {10.5194/acpd-4-1817-2004},
	Journal = {Atmospheric Chemistry and Physics Discussions},
	Number = {2},
	Pages = {1817--1853},
	Title = {Model calculations of the age of firn air across the {Antarctic} continent},
	Url = {http://www.atmos-chem-phys-discuss.net/4/1817/2004/},
	Volume = {4},
	Year = {2004},
	Bdsk-Url-1 = {http://www.atmos-chem-phys-discuss.net/4/1817/2004/},
	Bdsk-Url-2 = {http://dx.doi.org/10.5194/acpd-4-1817-2004}}

@article{severinghaus_timing_1998,
	Annote = {10.1038/34346},
	Author = {Severinghaus, Jeffrey P. and Sowers, Todd and Brook, Edward J. and Alley, Richard B. and Bender, Michael L.},
	Date-Added = {2012-01-04 17:31:21 -0800},
	Date-Modified = {2012-03-12 07:52:10 -0700},
	Doi = {10.1038/34346},
	Issn = {0028-0836},
	Journal = {Nature},
	Month = jan,
	Number = {6663},
	Pages = {141--146},
	Title = {Timing of abrupt climate change at the end of the {Younger Dryas} interval from thermally fractionated gases in polar ice},
	Url = {http://dx.doi.org/10.1038/34346},
	Volume = {391},
	Year = {1998},
	Bdsk-Url-1 = {http://dx.doi.org/10.1038/34346}}

@article{Schytt:1958,
	Author = {V. Schytt},
	Date-Added = {2012-01-04 17:16:27 -0800},
	Date-Modified = {2012-03-02 11:32:12 -0800},
	Journal = {Scientific Results, Norwegian-British-Swedish Antarctic Expedition 1949-52},
	Title = {Snow studies at {Maudheim}, and snow studies inland},
	Volume = {4},
	Year = {1958}}

@unpublished{Fudge:2011,
	Author = {Tyler J. Fudge and Kendrick C. Taylor and Howard Conway and Edwin D. Waddington and Kenneth C. McGwire},
	Date-Added = {2012-01-04 16:43:31 -0800},
	Date-Modified = {2012-03-12 10:37:00 -0700},
	Month = {Dec},
	Note = {{AGU} fall meeting abstract},
	Title = {{WDC06A-5}; An initial chronology for the {West Antarctic Ice Sheet Divide} ice core from electrical measurements},
	Year = {2011}}

@techreport{Conway:2005,
	Author = {H. Conway and T. A. Neumann and S. Price and E. D. Waddington and D. Morse and K. Taylor and P. A. Mayewski and D. Dixon and E. Pettit and E. J. Steig},
	Date-Added = {2012-01-04 16:37:01 -0800},
	Date-Modified = {2012-03-12 09:56:34 -0700},
	Institution = {University of Washington},
	Title = {Proposed drill site near the {Ross-Amundsen} ice divide, {West Antarctica}},
	Url = {www.ess.washington.edu/Surface/.../iwais/siteselection_v3.pdf},
	Year = {2005},
	Bdsk-Url-1 = {www.ess.washington.edu/Surface/.../iwais/siteselection_v3.pdf}}

@unpublished{Orsi:2009,
	Author = {Anais Orsi},
	Date-Added = {2012-01-03 08:37:15 -0800},
	Date-Modified = {2012-03-12 09:32:37 -0700},
	Note = {In submission},
	Title = {preliminary {WAIS} surface temperature reconstruction},
	Year = {2009}}

@unpublished{Orsi:2008,
	Author = {Anais Orsi},
	Date-Added = {2012-01-02 12:48:31 -0800},
	Date-Modified = {2012-03-12 09:33:26 -0700},
	Month = {January},
	Note = {In submission},
	Title = {{WAIS} divide Borehole temperature record},
	Year = {2008}}

@electronic{Lamorey1996,
	Author = {Gregg Lamorey and David White},
	Date-Added = {2011-12-30 10:59:28 -0800},
	Date-Modified = {2011-12-30 11:04:37 -0800},
	Lastchecked = {2011},
	Title = {Density of the {B} core, {Siple Dome}},
	Url = {ftp://sidads.colorado.edu/pub/DATASETS/AGDC/waiscores/lamorey/b_density.txt},
	Year = {1996},
	Bdsk-Url-1 = {ftp://sidads.colorado.edu/pub/DATASETS/AGDC/waiscores/lamorey/b_density.txt}}

@article{TEB:TEB0002,
	Author = {Barnola, J.-M. and Pimienta, P. and Raynaud, D. and Korotkevich, Y. S.},
	Date-Added = {2011-12-12 10:43:39 -0800},
	Date-Modified = {2012-03-12 08:50:02 -0700},
	Doi = {10.1034/j.1600-0889.1991.t01-1-00002.x},
	Issn = {1600-0889},
	Journal = {Tellus B},
	Number = {2},
	Pages = {83--90},
	Publisher = {Munksgaard International Publishers},
	Title = {{CO}2-climate relationship as deduced from the {Vostok} ice core: a re-examination based on new measurements and on a re-evaluation of the air dating},
	Url = {http://dx.doi.org/10.1034/j.1600-0889.1991.t01-1-00002.x},
	Volume = {43},
	Year = {1991},
	Bdsk-Url-1 = {http://dx.doi.org/10.1034/j.1600-0889.1991.t01-1-00002.x}}

@article{tc-5-809-2011,
	Author = {Ligtenberg, S. R. M. and Helsen, M. M. and van den Broeke, M. R.},
	Date-Added = {2011-12-12 09:48:10 -0800},
	Date-Modified = {2011-12-12 09:48:10 -0800},
	Doi = {10.5194/tc-5-809-2011},
	Journal = {The Cryosphere},
	Number = {4},
	Pages = {809--819},
	Title = {An improved semi-empirical model for the densification of Antarctic firn},
	Url = {http://www.the-cryosphere.net/5/809/2011/},
	Volume = {5},
	Year = {2011},
	Bdsk-Url-1 = {http://www.the-cryosphere.net/5/809/2011/},
	Bdsk-Url-2 = {http://dx.doi.org/10.5194/tc-5-809-2011}}

@article{Reeh:2005:0260-3055:101,
	Abstract = {In the past, several empirical firn-densification models have been developed fitted to measured density-depth profiles from Greenland and Antarctica. These models do not specifically deal with refreezing of meltwater in the firn. Ice lenses are usually indirectly taken into account by choosing a suitable value of the surface snow density. In the present study, a simple densification model is developed that specifically accounts for the content of ice lenses in the snowpack. An annual layer is considered to be composed of an ice fraction and a firn fraction. It is assumed that all meltwater formed at the surface in one year will refreeze in the corresponding annual layer, and that no additional melting or refreezing occurs in deeper layers. With this assumption, further densification is solely controlled by compaction of the firn fraction of the annual layer. Comparison of modelled and observed depth-density profiles from Canadian Arctic ice-core sites with large melting-refreezing percentages shows good agreement. The model is also used to estimate the long-term surface elevation change in interior Greenland that will result from temperature-driven changes of density-depth profiles. These surface elevation changes reflect a volume change of the ice sheet with no corresponding change of mass, i.e. a volume change that does not influence global sea level.},
	Author = {Reeh, Niels and Fisher, David A. and Koerner, Roy M. and Clausen, Henrik B.},
	Date-Added = {2011-12-09 16:40:46 -0800},
	Date-Modified = {2012-03-02 11:33:20 -0800},
	Doi = {10.3189/172756405781812871},
	Journal = {Annals of Glaciology},
	Number = {1},
	Pages = {101-106},
	Title = {An empirical firn-densification model comprising ice lenses},
	Url = {http://www.ingentaconnect.com/content/igsoc/agl/2005/00000042/00000001/art00017},
	Volume = {42},
	Year = {2005},
	Bdsk-Url-1 = {http://www.ingentaconnect.com/content/igsoc/agl/2005/00000042/00000001/art00017},
	Bdsk-Url-2 = {http://dx.doi.org/10.3189/172756405781812871}}

@article{mischler_carbon_2009,
	Author = {Mischler, J. A. and Sowers, T. A. and Alley, R. B. and Battle, M. and {McConnell}, J. R. and Mitchell, L. and Popp, T. and Sofen, E. and Spencer, M. K.},
	Date-Added = {2011-11-24 13:08:26 -0800},
	Date-Modified = {2011-11-24 13:08:26 -0800},
	Doi = {10.1029/2009GB003460},
	Issn = {0886-6236},
	Journal = {Global Biogeochemical Cycles},
	Month = nov,
	Title = {Carbon and hydrogen isotopic composition of methane over the last 1000 years},
	Url = {http://www.agu.org/pubs/crossref/2009/2009GB003460.shtml},
	Volume = {23},
	Year = {2009},
	Bdsk-Url-1 = {http://www.agu.org/pubs/crossref/2009/2009GB003460.shtml},
	Bdsk-Url-2 = {http://dx.doi.org/10.1029/2009GB003460}}

@book{Patankar:1980,
	Address = {New York},
	Author = {Patankar, Suhas V.},
	Date-Added = {2011-11-09 08:52:45 -0800},
	Date-Modified = {2012-03-07 11:45:38 -0800},
	Publisher = {Hemisphere Publishing Corporation},
	Series = {Computational Methods in Mechanics and Thermal Sciences},
	Title = {Numerical heat transfer and fluid flow},
	Year = {1980},
	Bdsk-Url-1 = {http://www.zentralblatt-math.org/zmath/en/search/?format=complete&q=an:0521.76003}}

@article{Hvidberg:2007rz,
	Author = {C S Hvidberg and Svensson, A and Buchardt, S L"},
	Date-Added = {2011-11-06 18:05:26 -0800},
	Date-Modified = {2011-11-06 18:05:26 -0800},
	Journal = {Enciclopedy of Quaternary Science},
	Number = {1989},
	Pages = {1288-1296},
	Title = {Ice Cores/Dynamics of the Greenland Ice Sheet},
	Year = {2007}}

@article{Greve:1997ty,
	Author = {Ralf Greve},
	Date-Added = {2011-11-06 18:05:19 -0800},
	Date-Modified = {2011-11-06 18:06:48 -0800},
	Journal = {Journal Of Glaciology},
	Number = {144},
	Pages = {307-310},
	Title = {Large-scale ice-sheet modelling as a means of dating deep ice cores in {Greenland}},
	Volume = {43},
	Year = {1997}}

@article{Schott:1992,
	Author = {C. Schott and E.D. Waddington, and C.F. Raymond},
	Date-Added = {2011-11-06 17:42:27 -0800},
	Date-Modified = {2011-11-06 18:07:27 -0800},
	Journal = {Journal of Glaciology},
	Pages = {162-167},
	Title = {Predicted time-scales for {GISP2} and {GRIP} boreholes at {Summit, Greenland}},
	Volume = {38},
	Year = {1992}}

@book{ipcc:2007,
	Address = {Cambridge, United Kingdom and New York, NY, USA},
	Date-Added = {2011-11-02 19:21:47 -0700},
	Date-Modified = {2012-01-29 11:40:10 -0800},
	Editor = {S. Solomon and D. Qin and M. Manning and Z. Chen and M. Marquis and K.B. Averyt and M. Tignor and H.L. Miller},
	Publisher = {Cambridge University Press},
	Title = {Contribution of Working Group I to the Fourth Assessment Report of the Intergovernmental Panel on Climate Change},
	Year = {2007}}

@article{Conway:2009:0260-3055:93,
	Abstract = {Ice-thickness measurements are needed to calculate fluxes through fast-flowing outlet glaciers in Greenland, Alaska, Patagonia and Antarctica. However, relatively high attenuation of radio waves by dielectric absorption and volume scattering from englacial water hampers detection of the bed through warm deep ice. In the past we have had success measuring ice thickness of temperate glaciers using a ground-based monopulse radar system operating at low frequencies (2 MHz). Here we adapt the same system to operate from an airplane. Test flights over Bering Glacier, Alaska, USA, detected the bed through ice up to 1250 m thick. Flights across the Seward-Malaspina Glacier system, Alaska, resolved the ice thickness of Malaspina Glacier, but strong hyperbolic-shaped returns obscured the bed echo through the Seward throat. It is likely that this clutter in the signal was caused by off-nadir returns from chaotic surface crevasses that are ubiquitous in the throat region.},
	Author = {Conway, Howard and Smith, Ben and Vaswani, Pavan and Matsuoka, Kenichi and Rignot, Eric and Claus, Paul},
	Date-Added = {2011-11-02 19:10:45 -0700},
	Date-Modified = {2012-03-02 11:45:12 -0800},
	Doi = {10.3189/172756409789097487},
	Journal = {Annals of Glaciology},
	Number = {51},
	Pages = {93-97},
	Title = {A low-frequency ice-penetrating radar system adapted for use from an airplane: test results from {Bering} and {Malaspina Glaciers, Alaska, USA}},
	Url = {http://www.ingentaconnect.com/content/igsoc/agl/2009/00000050/00000051/art00013},
	Volume = {50},
	Year = {2009},
	Bdsk-Url-1 = {http://www.ingentaconnect.com/content/igsoc/agl/2009/00000050/00000051/art00013},
	Bdsk-Url-2 = {http://dx.doi.org/10.3189/172756409789097487}}

@article{scambos_modis-based_2007,
	Author = {Scambos, {T.A.} and Haran, {T.M.} and Fahnestock, {M.A.} and Painter, {T.H.} and Bohlander, J.},
	Date-Added = {2011-10-28 15:52:39 -0700},
	Date-Modified = {2011-11-03 07:23:48 -0700},
	Doi = {10.1016/j.rse.2006.12.020},
	Issn = {00344257},
	Journal = {Remote Sensing of Environment},
	Month = nov,
	Pages = {242--257},
	Shorttitle = {{MODIS-based} Mosaic of Antarctica {(MOA)} data sets},
	Title = {{MODIS-based} Mosaic of {Antarctica} {(MOA)} data sets: Continent-wide surface morphology and snow grain size},
	Url = {http://linkinghub.elsevier.com/retrieve/pii/S0034425707002854},
	Volume = {111},
	Year = {2007},
	Bdsk-Url-1 = {http://linkinghub.elsevier.com/retrieve/pii/S0034425707002854},
	Bdsk-Url-2 = {http://dx.doi.org/10.1016/j.rse.2006.12.020}}

@article{Loan:fk,
	Author = {Van Loan, C.},
	Date-Added = {2011-10-27 09:06:17 -0700},
	Date-Modified = {2011-11-03 08:20:27 -0700},
	Doi = {10.1007/BF01389653},
	Journal = {Numerische Mathematik},
	Number = {4},
	Pages = {479--491},
	Title = {Computing the {CS} and the {Generalized Singular Value Decompositions}},
	Volume = {46},
	Year = {1985},
	Bdsk-Url-1 = {http://www.springerlink.com/content/t57714tv01275660/fulltext.pdf},
	Bdsk-Url-2 = {http://dx.doi.org/10.1007/BF01389653}}

@article{Lundin,
	Author = {J. M. Lundin and E. D. Waddington and H. Conway and E.J. Brook and L. Adams},
	Date-Added = {2011-10-27 09:04:20 -0700},
	Date-Modified = {2011-11-06 17:50:48 -0800},
	Journal = {Journal of Glaciology},
	Title = {Determining a depth-age relationship from sparse data using an inverse approach},
	Year = {In Prep}}

@article{paulsen_climate_2003,
	Author = {Paulsen, Dorte Eide and Li, {Hong-Chun} and Ku, {Teh-Lung}},
	Date-Added = {2011-10-25 10:40:51 -0700},
	Date-Modified = {2011-11-03 07:22:46 -0700},
	Doi = {10.1016/S0277-3791(02)00240-8},
	Issn = {02773791},
	Journal = {Quaternary Science Reviews},
	Month = mar,
	Pages = {691--701},
	Title = {Climate variability in central {China} over the last 1270 years revealed by high-resolution stalagmite records},
	Url = {http://linkinghub.elsevier.com/retrieve/pii/S0277379102002408},
	Volume = {22},
	Year = {2003},
	Bdsk-Url-1 = {http://linkinghub.elsevier.com/retrieve/pii/S0277379102002408},
	Bdsk-Url-2 = {http://dx.doi.org/10.1016/S0277-3791(02)00240-8}}

@article{lemieux-dudon_consistent_2010,
	Author = {{Lemieux-Dudon}, B{\'e}n{\'e}dicte and Blayo, Eric and Petit, Jean-Robert and Waelbroeck, Claire and Svensson, Anders and Ritz, Catherine and Barnola, Jean-Marc and Narcisi, Bianca Maria and Parrenin, Fr{\'e}d{\'e}ric},
	Date-Added = {2011-10-23 17:56:54 -0700},
	Date-Modified = {2012-03-12 10:00:38 -0700},
	Doi = {10.1016/j.quascirev.2009.11.010},
	Issn = {02773791},
	Journal = {Quaternary Science Reviews},
	Month = jan,
	Pages = {8--20},
	Title = {Consistent dating for {Antarctic} and {Greenland} ice cores},
	Url = {http://linkinghub.elsevier.com/retrieve/pii/S0277379109003734},
	Volume = {29},
	Year = {2010},
	Bdsk-Url-1 = {http://linkinghub.elsevier.com/retrieve/pii/S0277379109003734},
	Bdsk-Url-2 = {http://dx.doi.org/10.1016/j.quascirev.2009.11.010}}

@article{martin_dating_2006,
	Author = {Mart{\'\i}n, Carlos and Hindmarsh, Richard C. A. and Navarro, Francisco J.},
	Date-Added = {2011-10-23 17:55:37 -0700},
	Date-Modified = {2011-11-03 07:20:41 -0700},
	Doi = {10.1029/2005JF000326},
	Issn = {0148-0227},
	Journal = {Journal of Geophysical Research},
	Number = {F1},
	Title = {Dating ice flow change near the flow divide at {Roosevelt Island, Antarctica}, by using a thermomechanical model to predict radar stratigraphy},
	Url = {http://www.agu.org/pubs/crossref/2006/2005JF000326.shtml},
	Volume = {111},
	Year = {2006},
	Bdsk-Url-1 = {http://www.agu.org/pubs/crossref/2006/2005JF000326.shtml},
	Bdsk-Url-2 = {http://dx.doi.org/10.1029/2005JF000326}}

@article{caillon_timing_2003,
	Author = {Caillon, N.},
	Date-Added = {2011-10-23 17:55:03 -0700},
	Date-Modified = {2011-11-03 07:30:24 -0700},
	Doi = {10.1126/science.1078758},
	Issn = {00368075, 10959203},
	Journal = {Science},
	Month = mar,
	Pages = {1728--1731},
	Title = {Timing of Atmospheric {CO2} and {Antarctic} Temperature Changes Across Termination {III}},
	Url = {http://www.sciencemag.org/cgi/doi/10.1126/science.1078758},
	Volume = {299},
	Year = {2003},
	Bdsk-Url-1 = {http://www.sciencemag.org/cgi/doi/10.1126/science.1078758},
	Bdsk-Url-2 = {http://dx.doi.org/10.1126/science.1078758}}

@phdthesis{Koutnik:thesis,
	Author = {Koutnik, Michelle R.},
	Date-Added = {2011-10-23 17:00:59 -0700},
	Date-Modified = {2011-10-23 17:58:02 -0700},
	School = {University of Washington},
	Title = {Inferring Histories of Accumulation Rate, Ice Thickness, and Ice Flow from Internal Layers in Glaciers and Ice Sheets},
	Year = {2009}}

@article{pettit_crossover_2011,
	Author = {Pettit, Erin C. and Waddington, Edwin D. and Harrison, William D. and Thorsteinsson, Throstur and Elsberg, Daniel and Morack, John and Zumberge, Mark A.},
	Date-Added = {2011-10-22 17:58:44 -0700},
	Date-Modified = {2011-11-03 07:23:00 -0700},
	Doi = {10.3189/002214311795306619},
	Issn = {00221430, 17275652},
	Journal = {Journal of Glaciology},
	Month = mar,
	Pages = {39--52},
	Title = {The crossover stress, anisotropy and the ice flow law at {Siple Dome, West Antarctica}},
	Url = {http://openurl.ingenta.com/content/xref?genre=article&issn=0022-1430&volume=57&issue=201&spage=39},
	Volume = {57},
	Year = {2011},
	Bdsk-Url-1 = {http://openurl.ingenta.com/content/xref?genre=article&issn=0022-1430&volume=57&issue=201&spage=39},
	Bdsk-Url-2 = {http://dx.doi.org/10.3189/002214311795306619}}

@article{broecker_paleocean_1998,
	Author = {Broecker, Wallace S.},
	Date-Added = {2011-10-22 17:50:21 -0700},
	Date-Modified = {2012-03-12 08:36:00 -0700},
	Doi = {10.1029/97PA03707},
	Issn = {0883-8305},
	Journal = {Paleoceanography},
	Pages = {119},
	Shorttitle = {Paleocean circulation during the Last Deglaciation},
	Title = {Paleocean circulation during the Last Deglaciation: a bipolar seesaw?},
	Url = {http://www.agu.org/pubs/crossref/1998/97PA03707.shtml},
	Volume = {13},
	Year = {1998},
	Bdsk-Url-1 = {http://www.agu.org/pubs/crossref/1998/97PA03707.shtml},
	Bdsk-Url-2 = {http://dx.doi.org/10.1029/97PA03707}}

@article{van_trigt_measuring_2002,
	Author = {Van Trigt, Radboud and Meijer, Harro A. J. and Sveinbjornsdottir, Arny E. and Johnsen, Sigf{\'u}s J. and Kerstel, Erik {R.Th.}},
	Date-Added = {2011-10-22 17:42:39 -0700},
	Date-Modified = {2012-03-12 09:28:23 -0700},
	Doi = {10.3189/172756402781816906},
	Issn = {02603055, 17275644},
	Journal = {Annals of Glaciology},
	Month = jan,
	Pages = {125--130},
	Shorttitle = {Measuring stable isotopes of hydrogen and oxygen in ice by means of laser spectrometry},
	Title = {Measuring stable isotopes of hydrogen and oxygen in ice by means of laser spectrometry: the {B{\o}lling} transition in the {Dye-3 (South Greenland)} ice core},
	Url = {http://openurl.ingenta.com/content/xref?genre=article&issn=0260-3055&volume=35&issue=1&spage=125},
	Volume = {35},
	Year = {2002},
	Bdsk-Url-1 = {http://openurl.ingenta.com/content/xref?genre=article&issn=0260-3055&volume=35&issue=1&spage=125},
	Bdsk-Url-2 = {http://dx.doi.org/10.3189/172756402781816906}}

@article{jouzel_grip_2007,
	Author = {Jouzel, J. and Sti{\'e}venard, M. and Johnsen, S. J. and Landais, A. and {Masson-Delmotte}, V. and Sveinbjornsdottir, A. and Vimeux, F. and von Grafenstein, U. and White, J. W. C.},
	Date-Added = {2011-10-22 17:24:37 -0700},
	Date-Modified = {2012-03-12 09:59:33 -0700},
	Doi = {10.1016/j.quascirev.2006.07.015},
	Issn = {02773791},
	Journal = {Quaternary Science Reviews},
	Month = jan,
	Pages = {1--17},
	Title = {The {GRIP} deuterium-excess record},
	Url = {http://linkinghub.elsevier.com/retrieve/pii/S0277379106002575},
	Volume = {26},
	Year = {2007},
	Bdsk-Url-1 = {http://linkinghub.elsevier.com/retrieve/pii/S0277379106002575},
	Bdsk-Url-2 = {http://dx.doi.org/10.1016/j.quascirev.2006.07.015}}

@article{arthern:1998,
	Author = {Arthern, R. J. and Wingham, D. J.},
	Date-Added = {2011-10-18 19:36:31 -0700},
	Date-Modified = {2012-03-12 09:54:03 -0700},
	Doi = {{10.1023/A:1005320713306}},
	Issn = {{0165-0009}},
	Journal = {{Climatic Change}},
	Month = {{DEC}},
	Number = {{3-4}},
	Pages = {{605-624}},
	Title = {{The natural fluctuations of firn densification and their effect on the geodetic determination of ice sheet mass balance}},
	Unique-Id = {{ISI:000076952400008}},
	Volume = {{40}},
	Year = {{1998}},
	Bdsk-Url-1 = {http://dx.doi.org/10.1023/A:1005320713306%7D}}

@article{wilkinson:1988,
	Author = {WILKINSON, DS},
	Date-Added = {2011-10-18 19:36:25 -0700},
	Date-Modified = {2011-10-18 19:36:25 -0700},
	Issn = {{0022-1430}},
	Journal = {{JOURNAL OF GLACIOLOGY}},
	Number = {{116}},
	Pages = {{40-45}},
	Title = {{A PRESSURE-SINTERING MODEL FOR THE DENSIFICATION OF POLAR FIRN AND GLACIER ICE}},
	Unique-Id = {{ISI:A1988N238900006}},
	Volume = {{34}},
	Year = {{1988}}}

@article{coble_diffusion_1970,
	Author = {Coble, Robert L.},
	Date-Added = {2011-10-18 19:21:14 -0700},
	Date-Modified = {2011-10-18 19:21:14 -0700},
	Doi = {10.1063/1.1658543},
	Issn = {00218979},
	Journal = {Journal of Applied Physics},
	Pages = {4798},
	Title = {Diffusion Models for Hot Pressing with Surface Energy and Pressure Effects as Driving Forces},
	Url = {http://link.aip.org/link/?JAP/41/4798/1&Agg=doi},
	Volume = {41},
	Year = {1970},
	Bdsk-Url-1 = {http://link.aip.org/link/?JAP/41/4798/1&Agg=doi},
	Bdsk-Url-2 = {http://dx.doi.org/10.1063/1.1658543}}

@article{wilkinson_pressure_1975,
	Author = {Wilkinson, D and Ashby, M},
	Date-Added = {2011-10-18 19:21:14 -0700},
	Date-Modified = {2011-10-18 19:21:14 -0700},
	Doi = {10.1016/0001-6160(75)90136-4},
	Issn = {00016160},
	Journal = {Acta Metallurgica},
	Month = nov,
	Pages = {1277--1285},
	Title = {Pressure sintering by power law creep},
	Url = {http://linkinghub.elsevier.com/retrieve/pii/0001616075901364},
	Volume = {23},
	Year = {1975},
	Bdsk-Url-1 = {http://linkinghub.elsevier.com/retrieve/pii/0001616075901364},
	Bdsk-Url-2 = {http://dx.doi.org/10.1016/0001-6160(75)90136-4}}

@article{neumann_holocene_2008,
	Author = {Neumann, T. A. and Conway, H. and Price, S. F. and Waddington, E. D. and Catania, G. A. and Morse, D. L.},
	Date-Added = {2011-10-18 19:04:57 -0700},
	Date-Modified = {2011-11-03 07:35:21 -0700},
	Doi = {10.1029/2007JF000764},
	Issn = {0148-0227},
	Journal = {Journal of Geophysical Research},
	Month = may,
	Title = {{Holocene} accumulation and ice sheet dynamics in central {West Antarctica}},
	Url = {http://www.agu.org/pubs/crossref/2008/2007JF000764.shtml},
	Volume = {113},
	Year = {2008},
	Bdsk-Url-1 = {http://www.agu.org/pubs/crossref/2008/2007JF000764.shtml},
	Bdsk-Url-2 = {http://dx.doi.org/10.1029/2007JF000764}}

@article{sergienko_reconstruction_2008,
	Author = {Sergienko, Olga V. and {MacAyeal}, Douglas R. and Thom, Jonathan E.},
	Date-Added = {2011-10-17 13:31:09 -0700},
	Date-Modified = {2012-03-02 11:32:46 -0800},
	Doi = {10.3189/172756408787814906},
	Issn = {02603055, 17275644},
	Journal = {Annals of Glaciology},
	Month = oct,
	Pages = {91--95},
	Shorttitle = {Reconstruction of snow/firn thermal diffusivities from observed temperature variation},
	Title = {Reconstruction of snow/firn thermal diffusivities from observed temperature variation: application to iceberg {C16}, {Ross Sea, Antarctica}, 2004--07},
	Url = {http://openurl.ingenta.com/content/xref?genre=article&issn=0260-3055&volume=49&issue=1&spage=91},
	Volume = {49},
	Year = {2008},
	Bdsk-Url-1 = {http://openurl.ingenta.com/content/xref?genre=article&issn=0260-3055&volume=49&issue=1&spage=91},
	Bdsk-Url-2 = {http://dx.doi.org/10.3189/172756408787814906}}

@article{freitag_microstructure-dependent_2004,
	Author = {Freitag, Johannes and Wilhelms, Frank and Kipfstuhl, Sepp},
	Date-Added = {2011-10-17 13:09:31 -0700},
	Date-Modified = {2011-11-03 07:32:16 -0700},
	Doi = {10.3189/172756504781830123},
	Issn = {00221430, 17275652},
	Journal = {Journal of Glaciology},
	Month = mar,
	Pages = {243--250},
	Title = {Microstructure-dependent densification of polar firn derived from {X-ray} microtomography},
	Url = {http://openurl.ingenta.com/content/xref?genre=article&issn=0022-1430&volume=50&issue=169&spage=243},
	Volume = {50},
	Year = {2004},
	Bdsk-Url-1 = {http://openurl.ingenta.com/content/xref?genre=article&issn=0022-1430&volume=50&issue=169&spage=243},
	Bdsk-Url-2 = {http://dx.doi.org/10.3189/172756504781830123}}

@article{paterson_past_1984,
	Author = {Paterson, W. S. B. and Waddington, E. D.},
	Date-Added = {2011-10-12 14:29:23 -0700},
	Date-Modified = {2011-10-12 14:29:23 -0700},
	Doi = {10.1029/RG022i002p00123},
	Issn = {8755-1209},
	Journal = {Reviews of Geophysics},
	Pages = {123},
	Shorttitle = {Past precipitation rates derived from ice core measurements},
	Title = {Past precipitation rates derived from ice core measurements: Methods and data analysis},
	Url = {http://www.agu.org/pubs/crossref/1984/RG022i002p00123.shtml},
	Volume = {22},
	Year = {1984},
	Bdsk-Url-1 = {http://www.agu.org/pubs/crossref/1984/RG022i002p00123.shtml},
	Bdsk-Url-2 = {http://dx.doi.org/10.1029/RG022i002p00123}}

@article{ISI:000232368400016,
	Abstract = {{Results of analyses of snow annual accumulation variability, density and
   crystal growth measurements in firn and ice cores recovered from the
   upper layers of the West Antarctic ice sheet during the US component of
   the International Trans-Antarctic Scientific Expedition (ITASE) are
   presented. Annual-layer structure was analyzed on the basis of the
   visible stratigraphy and electrical conductivity measurement record in
   each core. Annual accumulation varied appreciably between core sites and
   within cores at individual sites where undulating surface topography
   appears to be exerting a significant impact on the magnitude of snow
   deposition. All density profiles except one exhibited densification that
   was normal with respect to snow annual accumulation and 10 m firn
   temperatures. Snow annual accumulation was determined stratigraphically,
   and 10 m firn temperatures were either measured in the holes drilled for
   cores or inferred using elevation changes relative to Byrd Station, the
   10 m temperature at Byrd Station and an assumed lapse rate. Measurements
   at the one exceptional location indicated that the firn had undergone
   extremely rapid densification to ice, with the transition to ice
   occurring at 35-36 m depth. Furthermore, thin-section measurements of
   grain-size show that the growth of crystals accelerated below the
   firn-ice transition. The behavior at this one site is attributed to
   localized deformation in the upper layers of firn and ice. Enhanced
   crystal growth was also observed at another site. At all other locations
   where grain-sizes were measured, the rates of crystal growth were in
   accord with age-temperature relationships observed by other researchers
   in Antarctica and Greenland. Profiles illustrating pore-crystal
   structure changes with increasing depth of burial are also presented.}},
	Author = {Gow, A. J. and Meese, D. A. and Bialas, R. W.},
	Booktitle = {{ANNALS OF GLACIOLOGY, VOL 39, 2005}},
	Date-Added = {2011-10-11 12:11:04 -0700},
	Date-Modified = {2012-03-12 09:58:29 -0700},
	Doi = {{10.3189/172756404781814690}},
	Editor = {{Jacka, J}},
	Isbn = {{0-946417-34-2}},
	Issn = {{0260-3055}},
	Journal = {{Annals of Glaciology}},
	Organization = {{Sci Comm Antarct Res; Int Glaciol Soc; Italian Antarct Res Programme; Italian Glaciol Comm; Italian Agcy New Technol, Energy \& Environm}},
	Pages = {{101-109}},
	Series = {{ANNALS OF GLACIOLOGY}},
	Title = {{Accumulation variability, density profiles and crystal growth trends in ITASE firn and ice cores from West Antarctica}},
	Unique-Id = {{ISI:000232368400016}},
	Volume = {{39}},
	Year = {{2004}},
	Bdsk-Url-1 = {http://dx.doi.org/10.3189/172756404781814690%7D}}

@article{ISI:A1994NN51700021,
	Author = {Martinerie, P. and Lipenkov, V. Y. and Raynaud, D. and Chappellaz, J. and Barkov, N. I. and Lorius, C},
	Date-Added = {2011-10-11 12:07:03 -0700},
	Date-Modified = {2012-03-12 09:49:22 -0700},
	Doi = {{10.1029/93JD03223}},
	Issn = {{0148-0227}},
	Journal = {{Journal of Geophysical Research-Atmospheres}},
	Month = {{MAY 20}},
	Number = {{D5}},
	Pages = {{10565-10576}},
	Title = {{Air content paleo record in the Vostok ice core ({Antarctica}) - A mixed record of climatic and glaciological parameters}},
	Unique-Id = {{ISI:A1994NN51700021}},
	Volume = {{99}},
	Year = {{1994}},
	Bdsk-Url-1 = {http://dx.doi.org/10.1029/93JD03223%7D}}

@article{martinerie_physical_1992,
	Author = {Martinerie, Patricia and Raynaud, Dominique and Etheridge, David M. and Barnola, {Jean-Marc} and Mazaudier, Dani{\`e}le},
	Date-Added = {2011-10-11 11:55:32 -0700},
	Date-Modified = {2011-10-11 11:55:32 -0700},
	Doi = {10.1016/0012-821X(92)90002-D},
	Issn = {{0012821X}},
	Journal = {Earth and Planetary Science Letters},
	Month = aug,
	Number = {1-4},
	Pages = {1--13},
	Title = {Physical and climatic parameters which influence the air content in polar ice},
	Url = {http://linkinghub.elsevier.com/retrieve/pii/0012821X9290002D},
	Volume = {112},
	Year = {1992},
	Bdsk-Url-1 = {http://linkinghub.elsevier.com/retrieve/pii/0012821X9290002D},
	Bdsk-Url-2 = {http://dx.doi.org/10.1016/0012-821X(92)90002-D}}

@article{truffer_basal_2004,
	Author = {Truffer, Martin},
	Date-Added = {2011-10-11 11:42:05 -0700},
	Date-Modified = {2011-10-11 11:42:05 -0700},
	Doi = {10.3189/172756504781830088},
	Issn = {00221430, 17275652},
	Journal = {Journal of Glaciology},
	Month = mar,
	Pages = {236--242},
	Shorttitle = {The basal speed of valley glaciers},
	Title = {The basal speed of valley glaciers: an inverse approach},
	Url = {http://openurl.ingenta.com/content/xref?genre=article&issn=0022-1430&volume=50&issue=169&spage=236},
	Volume = {50},
	Year = {2004},
	Bdsk-Url-1 = {http://openurl.ingenta.com/content/xref?genre=article&issn=0022-1430&volume=50&issue=169&spage=236},
	Bdsk-Url-2 = {http://dx.doi.org/10.3189/172756504781830088}}

@article{raymond_estimating_2009,
	Author = {Raymond, M. J. and Gudmundsson, G. H.},
	Date-Added = {2011-10-11 11:39:59 -0700},
	Date-Modified = {2011-11-03 07:23:36 -0700},
	Doi = {10.5194/tc-3-265-2009},
	Issn = {1994-0424},
	Journal = {The Cryosphere},
	Month = dec,
	Pages = {265--278},
	Shorttitle = {Estimating basal properties of ice streams from surface measurements},
	Title = {Estimating basal properties of ice streams from surface measurements: a non-linear {Bayesian} inverse approach applied to synthetic data},
	Url = {http://www.the-cryosphere.net/3/265/2009/},
	Volume = {3},
	Year = {2009},
	Bdsk-Url-1 = {http://www.the-cryosphere.net/3/265/2009/},
	Bdsk-Url-2 = {http://dx.doi.org/10.5194/tc-3-265-2009}}

@article{buchardt_estimating_2007,
	Author = {Buchardt, Susanne L. and {Dahl-Jensen}, Dorthe},
	Date-Added = {2011-10-11 11:39:08 -0700},
	Date-Modified = {2011-11-03 07:30:12 -0700},
	Doi = {10.3189/172756407782282435},
	Issn = {02603055, 17275644},
	Journal = {Annals of Glaciology},
	Month = oct,
	Pages = {137--142},
	Title = {Estimating the basal melt rate at {North GRIP} using a {Monte Carlo} technique},
	Url = {http://openurl.ingenta.com/content/xref?genre=article&issn=0260-3055&volume=45&issue=1&spage=137},
	Volume = {45},
	Year = {2007},
	Bdsk-Url-1 = {http://openurl.ingenta.com/content/xref?genre=article&issn=0260-3055&volume=45&issue=1&spage=137},
	Bdsk-Url-2 = {http://dx.doi.org/10.3189/172756407782282435}}

@article{Parrenin:2007a,
	Abstract = {{The EPICA (European Project for Ice Coring in Antarctica) Dome C
   drilling in East Antarctica has now been completed to a depth of 3260 m,
   at only a few meters above bedrock. Here we present the new EDC3
   chronology, which is based on the use of 1) a snow accumulation and
   mechanical flow model, and 2) a set of independent age markers along the
   core. These are obtained by pattern matching of recorded parameters to
   either absolutely dated paleoclimatic records, or to insolation
   variations. We show that this new time scale is in excellent agreement
   with the Dome Fuji and Vostok ice core time scales back to 100 kyr
   within 1 kyr. Discrepancies larger than 3 kyr arise during MIS 5.4, 5.5
   and 6, which points to anomalies in either snow accumulation or
   mechanical flow during these time periods. We estimate that EDC3 gives
   accurate event durations within 20\% (2 sigma) back to MIS11 and
   accurate absolute ages with a maximum uncertainty of 6 kyr back to 800
   kyr.}},
	Author = {Parrenin, F. and Barnola, J.-M. and Beer, J. and Blunier, T. and Castellano, E. and Chappellaz, J. and Dreyfus, G. and Fischer, H. and Fujita, S. and Jouzel, J. and Kawamura, K. and Lemieux-Dudon, B. and Loulergue, L. and Masson-Delmotte, V. and Narcisi, B. and Petit, J.-R. and Raisbeck, G. and Raynaud, D. and Ruth, U. and Schwander, J. and Severi, M. and Spahni, R. and Steffensen, J. P. and Svensson, A. and Udisti, R. and Waelbroeck, C. and Wolff, E.},
	Date-Added = {2011-10-11 11:39:08 -0700},
	Date-Modified = {2011-11-03 07:22:24 -0700},
	Issn = {{1814-9324}},
	Journal = {{Climate of the Past}},
	Number = {{3}},
	Pages = {{485-497}},
	Title = {{The EDC3 chronology for the EPICA {Dome C} ice core}},
	Unique-Id = {{ISI:000249785600011}},
	Volume = {{3}},
	Year = {{2007}}}

@book{MR1444820,
	Address = {Philadelphia, PA},
	Author = {Trefethen, L. N. and Bau, III, D.},
	Date-Added = {2011-10-11 10:52:31 -0700},
	Date-Modified = {2012-03-12 10:04:47 -0700},
	Isbn = {0-89871-361-7},
	Mrclass = {65-01 (65-02 65Fxx)},
	Mrnumber = {1444820 (98k:65002)},
	Mrreviewer = {Moody T. Chu},
	Publisher = {Society for Industrial and Applied Mathematics (SIAM)},
	Title = {Numerical linear algebra},
	Year = {1997},
	Bdsk-Url-1 = {http://www.ams.org/mathscinet-getitem?mr=1444820}}

@article{MR0134481,
	Author = {Phillips, D. L.},
	Date-Added = {2011-10-11 08:53:40 -0700},
	Date-Modified = {2012-03-12 09:48:35 -0700},
	Fjournal = {Journal of the Association for Computing Machinery},
	Issn = {0004-5411},
	Journal = {J. Assoc. Comput. Mach.},
	Mrclass = {65.75},
	Mrnumber = {0134481 (24 \#B534)},
	Mrreviewer = {E. J. Scott},
	Pages = {84--97},
	Title = {A technique for the numerical solution of certain integral equations of the first kind},
	Volume = {9},
	Year = {1962},
	Bdsk-Url-1 = {http://www.ams.org/mathscinet-getitem?mr=0134481}}

@article{hansen_analysis_1992,
	Author = {Hansen, P. C.},
	Date-Added = {2011-10-11 08:51:32 -0700},
	Date-Modified = {2012-03-12 09:50:28 -0700},
	Doi = {10.1137/1034115},
	Issn = {00361445},
	Journal = {{SIAM} Review},
	Number = {4},
	Pages = {561},
	Title = {Analysis of discrete ill-posed problems by means of the {L}-curve},
	Url = {http://link.aip.org/link/SIREAD/v34/i4/p561/s1&Agg=doi},
	Volume = {34},
	Year = {1992},
	Bdsk-Url-1 = {http://link.aip.org/link/SIREAD/v34/i4/p561/s1&Agg=doi},
	Bdsk-Url-2 = {http://dx.doi.org/10.1137/1034115}}

@article{ISI:000184706500003,
	Abstract = {We have developed a system called Borehole Optical Stratigraphy
   which can detect annual layers in boreholes in polar firn. Borehole
   Optical Stratigraphy consists of a downhole camera package and
   post-processing routines, which allow us to measure the intensity of
   light emitted from an on-board source and returned from the borehole
   wall. We manually identify the annual layers in this optical signal. We
   used this system at Siple Dome, Antarctica, in the 2001 - 2002 austral
   summer season. Our results agree well with counts of annual layers
   detected with two different methods in an ice core recovered 50 meters
   from our borehole.},
	Address = {2000 FLORIDA AVE NW, WASHINGTON, DC 20009 USA},
	Affiliation = {Hawley, RL (Reprint Author), Univ Washington, Dept Earth \& Space Sci, 57 Johnson Hall, Seattle, WA 98195 USA. Univ Washington, Dept Earth \& Space Sci, Seattle, WA 98195 USA. Penn State Univ, Dept Geosci, University Pk, PA 16802 USA. Univ Nevada, Desert Res Inst, Reno, NV 89506 USA.},
	Article-Number = {1788},
	Author = {Hawley, R. L. and Waddington, E. D. and Alley, R. B. and Taylor, K. C.},
	Date-Added = {2011-10-11 08:51:32 -0700},
	Date-Modified = {2012-07-03 16:38:55 +0900},
	Doc-Delivery-Number = {710WU},
	Doi = {10.1029/2003GL017675},
	Issn = {0094-8276},
	Journal = {Geophysical Research Letters},
	Journal-Iso = {Geophys. Res. Lett.},
	Keywords-Plus = {ICE CORE},
	Month = {AUG 2},
	Number = {15},
	Number-Of-Cited-References = {9},
	Pages = {1788-1791},
	Publisher = {AMER GEOPHYSICAL UNION},
	Subject-Category = {Geosciences, Multidisciplinary},
	Times-Cited = {11},
	Title = {Annual layers in polar firn detected by Borehole Optical Stratigraphy},
	Type = {Article},
	Unique-Id = {ISI:000184706500003},
	Volume = {30},
	Year = {2003},
	Bdsk-Url-1 = {http://dx.doi.org/10.1029/2003GL017675%7D}}

@article{Taylor2004a,
	Author = {Taylor, K. C. and Alley, R. B. and Meese, D. A. and Spencer, M. K. and Brook, E. J. and Dunbar, N. W. and Finkel,R. C. and Gow, A. J. and Kurbatov, A. V. and Lamorey, G. W. and Mayewski, P. A. and Meyerson, E. A. and Nishiizumi, K. and Zielinski, G. A.},
	Date-Added = {2011-10-11 08:51:32 -0700},
	Date-Modified = {2012-07-03 16:32:01 +0900},
	Journal = {Journal of Glaciology},
	Number = {170},
	Pages = {453-461},
	Title = {Dating the {Siple Dome (Antarctica)} ice core by manual and computer interpretation of annual layering},
	Volume = {50},
	Year = {2004}}

@article{0141.11001,
	Author = {Tikhonov, A. N.},
	Date-Added = {2011-10-11 08:51:32 -0700},
	Date-Modified = {2012-03-12 10:04:38 -0700},
	Journal = {Sov. Math., Dokl.},
	Pages = {1035-1038},
	Title = {{Solution of incorrectly formulated problems and the regularization method.}},
	Volume = {5},
	Year = {1963},
	Bdsk-Url-1 = {http://www.zentralblatt-math.org/zmath/en/search/?format=complete&q=an:0141.11001}}

@article{fujita_metamorphism_2009,
	Author = {Fujita, Shuji and Okuyama, Junichi and Hori, Akira and Hondoh, Takeo},
	Date-Added = {2011-10-10 10:13:49 -0700},
	Date-Modified = {2012-03-12 08:17:32 -0700},
	Doi = {10.1029/2008JF001143},
	Issn = {0148-0227},
	Journal = {Journal of Geophysical Research},
	Month = sep,
	Number = {F3},
	Shorttitle = {Metamorphism of stratified firn at Dome Fuji, Antarctica},
	Title = {Metamorphism of stratified firn at {Dome Fuji, Antarctica}: a mechanism for local insolation modulation of gas transport conditions during bubble close off},
	Url = {http://www.agu.org/pubs/crossref/2009/2008JF001143.shtml},
	Volume = {114},
	Year = {2009},
	Bdsk-Url-1 = {http://www.agu.org/pubs/crossref/2009/2008JF001143.shtml},
	Bdsk-Url-2 = {http://dx.doi.org/10.1029/2008JF001143}}

@article{arthern_situ_2010,
	Author = {Arthern, Robert J. and Vaughan, David G. and Rankin, Andrew M. and Mulvaney, Robert and Thomas, Elizabeth R.},
	Date-Added = {2011-06-18 17:55:06 -0700},
	Date-Modified = {2011-11-03 07:15:26 -0700},
	Doi = {10.1029/2009JF001306},
	Issn = {0148-0227},
	Journal = {Journal of Geophysical Research},
	Month = jul,
	Number = {F3},
	Title = {In situ measurements of {Antarctic} snow compaction compared with predictions of models},
	Url = {http://www.agu.org/pubs/crossref/2010/2009JF001306.shtml},
	Volume = {115},
	Year = {2010},
	Bdsk-Url-1 = {http://www.agu.org/pubs/crossref/2010/2009JF001306.shtml},
	Bdsk-Url-2 = {http://dx.doi.org/10.1029/2009JF001306}}

@article{schwander_age_1993,
	Abstract = {In the framework of the Eurocore drilling project 1989 at Summit, Central Greenland, air samples were collected from a drill hole in the firn at several depth levels. The samples have been analyzed for {85Kr}, {CO2}, {CH4}, {CFC's} {(F-11} and F-12) contents and for the isotopic composition of nitrogen and oxygen. The measured data are compared with the results of a diffusion model. {CO2}, for example, takes 12 years (with a standard deviation of 7.5 years) to diffuse from the surface to the firn-ice transition under the present climatic conditions at Summit. The difference between the age of the ice and the mean age of the occluded air is approximately 210 years. An enrichment of the heavier isotopes due to separation by gravity has been observed. Molecular diffusion alone suffices to explain the observed concentration trends in the firn column. We can, however, not exclude the existence of a convective zone below the surface. We have also measured the density and closed porosity along the firn core that has been retrieved when drilling the hole. The porosity data reveal that the air is occluded into bubbles mainly between 65 and 80 m, corresponding to densities of 790 and 830 kg/m3, respectively.},
	Author = {Schwander, J. and Barnola, J.-M. and Andri�, C. and Leuenberger, M. and Ludin, A. and Raynaud, D. and Stauffer, B.},
	Date-Added = {2011-06-18 17:54:50 -0700},
	Date-Modified = {2012-03-12 08:41:59 -0700},
	Issn = {0148-0227},
	Journal = {Journal of Geophysical Research},
	Number = {D2},
	Pages = {2831--2838},
	Title = {The Age of the Air in the Firn and the Ice at {Summit, Greenland}},
	Url = {http://dx.doi.org/10.1029/92JD02383},
	Volume = {98},
	Year = {1993},
	Bdsk-Url-1 = {http://dx.doi.org/10.1029/92JD02383}}

@article{schwander_age_1997,
	Author = {Schwander, J. and Sowers, T. and Barnola, J.-M. and Blunier, T. and Fuchs, A. and Malaiz{\'e}, B.},
	Date-Added = {2011-06-18 17:54:50 -0700},
	Date-Modified = {2012-03-12 08:42:13 -0700},
	Doi = {10.1029/97JD01309},
	Issn = {0148-0227},
	Journal = {Journal of Geophysical Research},
	Number = {D16},
	Pages = {19483--19493},
	Shorttitle = {Age scale of the air in the summit ice},
	Title = {Age scale of the air in the {Summit} ice: implication for glacial-interglacial temperature change},
	Url = {http://www.agu.org/pubs/crossref/1997/97JD01309.shtml},
	Volume = {102},
	Year = {1997},
	Bdsk-Url-1 = {http://www.agu.org/pubs/crossref/1997/97JD01309.shtml},
	Bdsk-Url-2 = {http://dx.doi.org/10.1029/97JD01309}}

@article{spencer_preliminary_2001,
	Author = {Spencer, M. K. and Alley, R. B. and Creyts, T. T.},
	Date-Added = {2011-06-18 17:54:50 -0700},
	Date-Modified = {2012-03-12 10:02:57 -0700},
	Doi = {10.3189/172756501781831765},
	Issn = {00221430},
	Journal = {Journal of Glaciology},
	Month = oct,
	Number = {159},
	Pages = {671--676},
	Title = {Preliminary firn-densification model with 38-site dataset},
	Url = {http://openurl.ingenta.com/content/xref?genre=article&issn=0022-1430&volume=47&issue=159&spage=671},
	Volume = {47},
	Year = {2001},
	Bdsk-Url-1 = {http://openurl.ingenta.com/content/xref?genre=article&issn=0022-1430&volume=47&issue=159&spage=671},
	Bdsk-Url-2 = {http://dx.doi.org/10.3189/172756501781831765}}

@article{helsen_elevation_2008,
	Author = {Helsen, M. M. and van den Broeke, M. R. and van de Wal, R. S. W. and van de Berg, W. J. and van Meijgaard, E. and Davis, C. H. and Li, Y. and Goodwin, I.},
	Date-Added = {2011-06-18 17:17:12 -0700},
	Date-Modified = {2011-11-03 07:33:30 -0700},
	Doi = {10.1126/science.1153894},
	Issn = {0036-8075},
	Journal = {Science},
	Month = jun,
	Number = {5883},
	Pages = {1626--1629},
	Title = {Elevation Changes in {Antarctica} Mainly Determined by Accumulation Variability},
	Url = {http://www.sciencemag.org/cgi/doi/10.1126/science.1153894},
	Volume = {320},
	Year = {2008},
	Bdsk-Url-1 = {http://www.sciencemag.org/cgi/doi/10.1126/science.1153894},
	Bdsk-Url-2 = {http://dx.doi.org/10.1126/science.1153894}}

@article{herron_firn,
	Author = {Herron, Michael and Langway, Chester},
	Date-Added = {2011-06-18 17:17:12 -0700},
	Date-Modified = {2011-06-18 17:17:24 -0700},
	Journal = {Journal of Glaciology},
	Number = {93},
	Pages = {373--385},
	Title = {Firn densification: an empirical model},
	Url = {http://adsabs.harvard.edu/abs/1980JGlac..25..373H},
	Volume = {25},
	Year = {1980},
	Bdsk-Url-1 = {http://adsabs.harvard.edu/abs/1980JGlac..25..373H}}

@article{hoerhold_densification_2011,
	Author = {H{\"o}rhold, M. W. and Kipfstuhl, S. and Wilhelms, F. and Freitag, J. and Frenzel, A.},
	Date-Added = {2011-06-18 17:17:12 -0700},
	Date-Modified = {2011-06-18 17:17:12 -0700},
	Doi = {10.1029/2009JF001630},
	Issn = {0148-0227},
	Journal = {Journal of Geophysical Research},
	Month = jan,
	Number = {F1},
	Title = {The densification of layered polar firn},
	Url = {http://www.agu.org/pubs/crossref/2011/2009JF001630.shtml},
	Volume = {116},
	Year = {2011},
	Bdsk-Url-1 = {http://www.agu.org/pubs/crossref/2011/2009JF001630.shtml},
	Bdsk-Url-2 = {http://dx.doi.org/10.1029/2009JF001630}}

@article{li_modeling_2004,
	Author = {Li, Jun and Zwally, H. Jay},
	Date-Added = {2011-06-18 17:17:12 -0700},
	Date-Modified = {2011-06-18 17:17:12 -0700},
	Doi = {10.3189/172756404781814988},
	Issn = {02603055},
	Journal = {Annals of Glaciology},
	Month = jan,
	Number = {1},
	Pages = {309--313},
	Title = {Modeling the density variation in the shallow firn layer},
	Url = {http://openurl.ingenta.com/content/xref?genre=article&issn=0260-3055&volume=38&issue=1&spage=309},
	Volume = {38},
	Year = {2004},
	Bdsk-Url-1 = {http://openurl.ingenta.com/content/xref?genre=article&issn=0260-3055&volume=38&issue=1&spage=309},
	Bdsk-Url-2 = {http://dx.doi.org/10.3189/172756404781814988}}

@article{goujon_2003,
	Author = {Goujon, C. and J.-M. Barnola and C. Ritz},
	Date-Added = {2011-06-18 16:51:30 -0700},
	Date-Modified = {2012-03-12 08:33:43 -0700},
	Doi = {10.1029/2002JD003319},
	Issn = {0148-0227},
	Journal = {Journal of Geophysical Research},
	Number = {D24},
	Title = {Modeling the densification of polar firn including heat diffusion: application to close-off characteristics and gas isotopic fractionation for {Antarctica} and {Greenland} sites},
	Url = {http://www.agu.org/pubs/crossref/2003/2002JD003319.shtml},
	Volume = {108},
	Year = {2003},
	Bdsk-Url-1 = {http://www.agu.org/pubs/crossref/2003/2002JD003319.shtml},
	Bdsk-Url-2 = {http://dx.doi.org/10.1029/2002JD003319}}

@article{Alley:tg,
	Author = {RB Alley and Shuman, CA and Meese, DA and Gow, AJ and Taylor, KC and Cuffey, KM and Fitzpatrick, JJ and Grootes, PM and Zielinski, GA and Ram, M"},
	Date-Added = {2011-06-10 17:25:11 -0700},
	Date-Modified = {2011-11-03 07:15:06 -0700},
	Journal = {Journal of Geophysical Research},
	Number = {C12},
	Pages = {26367},
	Title = {Visual-stratigraphic dating of the {GISP2} ice core: Basis, reproducibility, and application},
	Volume = {102},
	Year = {1997}}

@article{Andersen:dq,
	Author = {Katrine K Andersen and Svensson, Anders and Johnsen, Sigfus J and Rasmussen, Sune O and Bigler, Matthias and Rothlisberger, Regine and Ruth, Urs and Siggaard-Andersen, Marie-Louise and Steffensen, Jorgen Peder and Dahl-Jensen, Dorthe and Vinther, Bo M and Clausen, Henrik B},
	Date-Added = {2011-06-10 17:25:11 -0700},
	Date-Modified = {2012-03-02 12:00:09 -0800},
	Doi = {10.1016/j.quascirev.2006.08.002},
	Journal = {Quaternary Science Reviews},
	Number = {23-24},
	Pages = {3246-3257},
	Title = {The {Greenland} Ice Core Chronology 2005, 15--42ka. Part 1: constructing the time scale},
	Volume = {25},
	Year = {2010},
	Bdsk-Url-1 = {http://dx.doi.org/10.1016/j.quascirev.2006.08.002%22}}

@book{Aster:2005uq,
	Address = {Boston},
	Annote = {LDR    01505cam  22003497a 4500
001    13851706
005    20060724220946.0
008    050127s2005    ne a     b    001 0 eng d
906    $a7$bcbc$ccopycat$d3$encip$f20$gy-gencatlg
925 0  $aacquire$b1 shelf copy$xpolicy default
955    $aps10 2005-01-27 z-processor to ASCD$ajp00 2005-02-01$cjp43 2005-04-01 to subj$ajp03 2005-04-04$djp03 2005-04-04 to SL$ejp14 2005-04-04 to Dewey$aaa07 2005-04-27
010    $a  2005295471
020    $a0120656043
035    $a(OCoLC)ocm57470064
040    $aMUB$cMUB$dDLC
042    $alccopycat
050 00 $aQA276.8$b.A88 2005
082 00 $a515/.357$222
100 0  $aAster, Richard C.
245 10 $aParameter estimation and inverse problems /$cRichard C. Aster, Brian Borchers, and Clifford H. Thurber.
260    $aAmsterdam ;$aBoston :$bElsevier Academic Press,$cc2005.
300    $axii, 301 p. :$bill. ;$c24 cm. +$e1 CD-ROM (4 3/4 in.)
440  0 $aInternational geophysics series$v; v. 90
504    $aIncludes bibliographical references (p.283-289) and index.
650  0 $aParameter estimation.
650  0 $aInverse problems (Differential equations)
650  0 $aInversion (Geophysics)
650  0 $aMathematical models.
700 1  $aThurber, Clifford H.
700 1  $aBorchers, Brian.
856 42 $3Publisher description$uhttp://www.loc.gov/catdir/enhancements/fy0627/2005295471-d.html
856 41 $3Table of contents only$uhttp://www.loc.gov/catdir/enhancements/fy0627/2005295471-t.html
},
	Author = {R. C. Aster and Thurber, C. H. and Borchers, B.},
	Call-Number = {QA276.8},
	Date-Added = {2011-06-10 17:25:11 -0700},
	Date-Modified = {2012-07-03 16:34:40 +0900},
	Dewey-Call-Number = {515/.357},
	Genre = {Parameter estimation},
	Isbn = {0120656043},
	Library-Id = {2005295471},
	Publisher = {Elsevier Academic Press},
	Title = {Parameter estimation and inverse problems},
	Url = {http://www.loc.gov/catdir/enhancements/fy0627/2005295471-d.html},
	Year = {2005},
	Bdsk-Url-1 = {http://www.loc.gov/catdir/enhancements/fy0627/2005295471-d.html}}

@book{Cuffey:2010fk,
	Address = {Burlington, MA},
	Annote = {LDR    01194cam  2200289 a 4500
001    16001025
005    20100625154038.0
008    091130s2010    mauab    b    001 0 eng  
906    $a7$bcbc$corignew$d1$eecip$f20$gy-gencatlg
925 0  $aacquire$b2 shelf copies$xpolicy default
955    $bre04 2009-11-30$ire04 2009-11-30$ere12 2009-12-11 telework to Dewey$wrd05 2009-12-11$axe10 2010-06-23 1 copy rec'd., to CIP ver.$frf07 2010-06-25 Z-CipVer
010    $a  2009050362
020    $a9780123694614 (alk. paper)
020    $a0123694612 (alk. paper)
035    $a(OCoLC)ocn488732494
040    $aDLC$cDLC$dYDX$dYDXCP$dBWX$dGIKBM$dCDX$dDLC
050 00 $aGB2403.2$b.C84 2010
082 00 $a551.31/2$222
100 1  $aCuffey, Kurt.
245 14 $aThe physics of glaciers /$cK.M. Cuffey, W.S.B. Paterson.
250    $a4th ed.
260    $aBurlington, MA :$bButterworth-Heinemann/Elsevier,$cc2010.
300    $axii, 693 p. :$bill. (some col.), maps (some col.) ;$c25 cm.
500    $aRev. ed. of : The physics of glaciers / W.S.B. Paterson. 3rd ed. 2010
504    $aIncludes bibliographical references and index.
650  0 $aGlaciers.
700 1  $aPaterson, W. S. B.$tPhysics of glaciers.
},
	Author = {Cuffey, Kurt and Paterson, W. S. B.},
	Call-Number = {GB2403.2},
	Date-Added = {2011-06-10 17:25:11 -0700},
	Date-Modified = {2012-03-12 09:56:53 -0700},
	Dewey-Call-Number = {551.31/2},
	Edition = {4th},
	Genre = {Glaciers},
	Isbn = {9780123694614 (alk. paper)},
	Library-Id = {2009050362},
	Publisher = {Butterworth-Heinemann/Elsevier},
	Title = {The physics of glaciers},
	Year = {2010}}

@article{Cuffey:bs,
	Author = {Kurt M Cuffey and Clow, Gary D},
	Date-Added = {2011-06-10 17:25:11 -0700},
	Date-Modified = {2012-03-02 11:48:55 -0800},
	Doi = {10.1029/2001JD000672},
	Journal = {Journal of Geophysical Research},
	Number = {C12},
	Pages = {26,383-26,396},
	Title = {Temperature, accumulation, and ice sheet elevation in central {Greenland} through the last deglacial transition},
	Volume = {102},
	Year = {1997},
	Bdsk-Url-1 = {http://dx.doi.org/10.1029/2001JD000672%22}}

@article{Cuffey:ly,
	Author = {Kurt M Cuffey and Marshall, Shawn J},
	Date-Added = {2011-06-10 17:25:11 -0700},
	Date-Modified = {2011-11-03 07:31:33 -0700},
	Doi = {10.1038/35007053},
	Journal = {Nature},
	Number = {6778},
	Pages = {591-594},
	Title = {Substantial contribution to sea-level rise during the last interglacial from the {Greenland} ice sheet},
	Volume = {404},
	Year = {2000},
	Bdsk-Url-1 = {http://dx.doi.org/10.1038/35007053}}

@article{Dahl-Jensen:ij,
	Author = {D Dahl-Jensen and Mosegaard, K and Gundestrup, N and Clow, G D and Johnsen, S J and Hansen, A W and Balling, N},
	Date-Added = {2011-06-10 17:25:11 -0700},
	Date-Modified = {2011-11-03 07:17:41 -0700},
	Doi = {10.1126/science.282.5387.268},
	Journal = {Science},
	Number = {5387},
	Pages = {268-271},
	Title = {Past Temperatures Directly from the {Greenland} Ice Sheet},
	Volume = {282},
	Year = {1998},
	Bdsk-Url-1 = {http://dx.doi.org/10.1126/science.282.5387.268}}

@article{Dahl-Jensen:qf,
	Author = {D Dahl-Jensen and Johnsen, S J and Hammer, C U and Clausen, H B and Jouzel, J"},
	Date-Added = {2011-06-10 17:25:11 -0700},
	Date-Modified = {2011-11-03 07:32:02 -0700},
	Pages = {517-532},
	Title = {Past accumulation rates derived from observed annual layers in the {GRIP} ice core from {Summit}, central Greenland},
	Year = {1993}}

@book{Hansen:2000zr,
	Address = {Berlin},
	Annote = {LDR    01471cam  22003254a 4500
001    11988557
005    20000915071151.0
008    000428s2000    gw a     b    100 0 eng  
906    $a7$bcbc$corignew$d1$eocip$f20$gy-gencatlg
925 0  $aacquire$b2 shelf copies$xpolicy default
955    $ato ASCD pc17 04-28-00; jp20 05-01-00 to subj; jp99 to SL 05-01-00; jp85 to Dewey 05-16-00; aa01 05-17-00; jp00 08-09-00; jp18 CIP ver. 08-17-00 to SL; jp10 ; to BCCD 09-15-00
010    $a   00033831 
020    $a3540659161 (softcover)
040    $aDLC$cDLC$dDLC
042    $apcc
050 00 $aQC808.5$b.M48 2000
082 00 $a550/.1/51133$221
245 00 $aMethods and applications of inversion /$cPer Christian Hansen, Bo Holm Jacobsen, Klaus Mosegaard (eds.).
260    $aBerlin ;$aNew York :$bSpringer,$cc2000.
300    $ax, 304 p. :$bill. (some col.) ;$c24 cm.
440  0 $aLecture notes in earth sciences,$x0930-0317 ;$v92
500    $aSelected papers presented at the Second Interdisciplinary Inversion Conference, held Aug. 1998 in Copenhagen.
504    $aIncludes bibliographical references.
650  0 $aInversion (Geophysics)$vCongresses.
650  0 $aEarth sciences$xMathematics$vCongresses.
650  0 $aMathematical physics$vCongresses.
700 1  $aHansen, Per Christian.
700 1  $aJacobsen, Bo Holm,$d1954-
700 1  $aMoosegard, Klaus,$d1955-
711 2  $aInterdisciplinary Inversion Conference$n(2nd :$d1998 :$cCopenhagen, Denmark)
},
	Author = {Hansen, Per Christian and Jacobsen, Bo Holm and Moosegard, Klaus},
	Call-Number = {QC808.5},
	Date-Added = {2011-06-10 17:25:11 -0700},
	Date-Modified = {2011-06-10 17:25:11 -0700},
	Dewey-Call-Number = {550/.1/51133},
	Genre = {Inversion (Geophysics)},
	Isbn = {3540659161 (softcover)},
	Library-Id = {00033831},
	Publisher = {Springer},
	Title = {Methods and applications of inversion},
	Volume = {92},
	Year = {2000}}

@book{Hansen:2010ys,
	Address = {Philadelphia},
	Annote = {LDR    01710cam  2200325 a 4500
001    15991591
005    20100824182833.0
008    091120s2010    paua     b    001 0 eng  
906    $a7$bcbc$corignew$d1$eecip$f20$gy-gencatlg
925 0  $aacquire$b2 shelf copies$xpolicy default
955    $bxh00 2009-11-20$cxh07 2009-11-20$dxh07 2009-11-23 to Dewey$wrd14 2009-11-23$axe10 2010-05-11 1 copy rec'd., to CIP ver.$axh00 2010-05-13 to USPL/STM$fxj11 2010-08-24 Z-CipVer$exj11 2010-08-24 to BCCD
010    $a  2009047057
020    $a9780898716962 (pbk.)
020    $a0898716969 (pbk.)
035    $a(OCoLC)ocn469915410
040    $aDLC$cDLC$dYDX$dYDXCP$dCDX$dBWX$dDEBBG$dOCLCQ$dDLC
050 00 $aQA371$b.H365 2010
082 00 $a515/.357$222
100 1  $aHansen, Per Christian.
245 10 $aDiscrete inverse problems :$binsight and algorithms /$cPer Christian Hansen.
260    $aPhiladelphia :$bSociety for Industrial and Applied Mathematics,$cc2010.
300    $axii, 213 p. :$bill. ;$c26 cm.
490 1  $aFundamentals of algorithms
504    $aIncludes bibliographical references (p. 205-209) and index.
650  0 $aInverse problems (Differential equations)
830  0 $aFundamentals of algorithms.
856 41 $3Table of contents only$uhttp://www.loc.gov/catdir/enhancements/fy1006/2009047057-t.html
856 42 $3Publisher description$uhttp://www.loc.gov/catdir/enhancements/fy1006/2009047057-d.html
856 42 $3Contributor biographical information$uhttp://www.loc.gov/catdir/enhancements/fy1006/2009047057-b.html
856    $uhttp://bvbr.bib-bvb.de:8991/F?func=service&doc_library=BVB01&doc_number=018939397&line_number=0001&func_code=DB_RECORDS&service_type=MEDIA$zInhaltsverzeichnis
},
	Author = {Hansen, Per Christian},
	Call-Number = {QA371},
	Date-Added = {2011-06-10 17:25:11 -0700},
	Date-Modified = {2011-06-10 17:25:11 -0700},
	Dewey-Call-Number = {515/.357},
	Genre = {Inverse problems (Differential equations)},
	Isbn = {9780898716962 (pbk.)},
	Library-Id = {2009047057},
	Publisher = {Society for Industrial and Applied Mathematics},
	Series = {Fundamentals of algorithms},
	Title = {Discrete inverse problems: insight and algorithms},
	Url = {http://www.loc.gov/catdir/enhancements/fy1006/2009047057-t.html},
	Year = {2010},
	Bdsk-Url-1 = {http://www.loc.gov/catdir/enhancements/fy1006/2009047057-t.html}}

@book{Hansen:1998vn,
	Address = {Philadelphia},
	Annote = {LDR    01372cam  2200313 a 4500
001    3544138
005    20070612081256.0
008    970925s1997    paua     b    001 0 eng  
906    $a7$bcbc$corignew$d1$eocip$f19$gy-gencatlg
955    $apc03 to ja00 09-25-97; jd25 09-25-97; jd99 09-29-97; je05 to DDC 09-30-97;aa05 10-01-97; yb40 01-09-98
035    $9(DLC)   97032066
010    $a   97032066 
020    $a0898714036 (pbk.)
040    $aDLC$cDLC$dDLC
050 00 $aQA218$b.H38 1998
082 00 $a512.9/42$221
100 1  $aHansen, Per Christian.
245 10 $aRank-deficient and discrete ill-posed problems :$bnumerical aspects of linear inversion /$cPer Christian Hansen.
260    $aPhiladelphia :$bSIAM,$cc1998.
300    $axvi, 247 p. :$bill. ;$c26 cm.
440  0 $aSIAM monographs on mathematical modeling and computation
504    $aIncludes bibliographical references (p. 215-242) and index.
650  0 $aEquations, Simultaneous$xNumerical solutions.
650  0 $aIterative methods (Mathematics)
650  0 $aSparse matrices.
856 42 $3Publisher description$uhttp://www.loc.gov/catdir/enhancements/fy0726/97032066-d.html
856 41 $3Table of contents only$uhttp://www.loc.gov/catdir/enhancements/fy0726/97032066-t.html
920    $a** LC HAS REQ'D # OF SHELF COPIES **
991    $bc-GenColl$hQA218$i.H38 1998$p00016461908$tCopy 1$wBOOKS
},
	Author = {Hansen, P. C.},
	Call-Number = {QA218},
	Date-Added = {2011-06-10 17:25:11 -0700},
	Date-Modified = {2012-07-03 16:33:26 +0900},
	Dewey-Call-Number = {512.9/42},
	Genre = {Equations, Simultaneous},
	Isbn = {0898714036 (pbk.)},
	Library-Id = {97032066},
	Publisher = {SIAM},
	Title = {Rank-deficient and discrete ill-posed problems: numerical aspects of linear inversion},
	Url = {http://www.loc.gov/catdir/enhancements/fy0726/97032066-d.html},
	Year = {1998},
	Bdsk-Url-1 = {http://www.loc.gov/catdir/enhancements/fy0726/97032066-d.html}}

@article{Marshall:ve,
	Author = {Shawn J Marshall and Cuffey, Kurt M},
	Date-Added = {2011-06-10 17:25:11 -0700},
	Date-Modified = {2011-11-03 07:34:13 -0700},
	Journal = {Earth and Planetary Science Letters},
	Pages = {73-90},
	Title = {Peregrinations of the {Greenland} Ice Sheet divide in the last glacial cycle : implications for central {Greenland} ice cores},
	Volume = {179},
	Year = {2000}}

@article{Meese:kl,
	Author = {D A Meese and Gow, A J and Alley, R B and Zielinski, G A and Grootes, P M and Ram, M and Taylor, K C and Mayewski, P A and Bolzan, J F},
	Date-Added = {2011-06-10 17:25:11 -0700},
	Date-Modified = {2011-11-03 07:34:43 -0700},
	Doi = {10.1029/97JC00269"},
	Journal = {Journal of Geophysical Research},
	Number = {C12},
	Pages = {26411-26423},
	Title = {The {Greenland} Ice Sheet Project 2 depth-age scale: Methods and results},
	Volume = {102},
	Year = {1997},
	Bdsk-Url-1 = {http://dx.doi.org/10.1029/97JC00269%22}}

@article{Meese:oq,
	Author = {D A Meese and Gow, A J and Grootes, P and Mayewski, P A and Ram, M and Stuiver, M and Taylor, K C and Waddington, E D and Zielinski, G A},
	Date-Added = {2011-06-10 17:25:11 -0700},
	Date-Modified = {2011-11-06 18:11:20 -0800},
	Journal = {Scienece},
	Pages = {1680-1682},
	Title = {The accumulation record from the GISP2 Core as an Indicator of Climate Change Throughout the {Holocene}},
	Volume = {266},
	Year = {1994}}

@article{Rasmussen:nx,
	Author = {S O Rasmussen and Seierstad, I K and Andersen, K K and Bigler, M and Dahl-Jensen, D and Johnsen, S J},
	Date-Added = {2011-06-10 17:25:11 -0700},
	Date-Modified = {2011-06-10 17:25:11 -0700},
	Doi = {10.1016/j.quascirev.2007.01.016"},
	Journal = {Quaternary Science Reviews},
	Number = {1-2},
	Pages = {18-28},
	Title = {Synchronization of the NGRIP, GRIP, and GISP2 ice cores across MIS 2 and palaeoclimatic implications},
	Volume = {27},
	Year = {2008},
	Bdsk-Url-1 = {http://dx.doi.org/10.1016/j.quascirev.2007.01.016%22}}

@article{Svensson:cr,
	Author = {A Svensson and Andersen, K K and Bigler, M and Clausen, H B and Dahl-Jensen, D and Davies, S M and Johnsen, S J and Muscheler, R and Parrenin, F and Rasmussen, S O and Rothlisberger, R and Seierstad, I and Steffensen, J P and Vinther, B M},
	Date-Added = {2011-06-10 17:25:11 -0700},
	Date-Modified = {2011-11-06 18:10:53 -0800},
	Journal = {Climate Of The Past},
	Number = {1},
	Pages = {47-57},
	Title = {A 60 000 year {Greenland} stratigraphic ice core chronology},
	Volume = {4},
	Year = {2010}}

@article{Svensson:bh,
	Author = {Anders Svensson and Andersen, Katrine K and Bigler, Matthias and Clausen, Henrik B and Dahl-Jensen, Dorthe and Davies, Siwan M and Johnsen, Sigfus J and Muscheler, Raimund and Rasmussen, Sune O and R{\"o}thlisberger, Regine},
	Date-Added = {2011-06-10 17:25:11 -0700},
	Date-Modified = {2011-11-03 07:25:28 -0700},
	Doi = {10.1016/j.quascirev.2006.08.003"},
	Journal = {Quaternary Science Reviews},
	Number = {23-24},
	Pages = {3258-3267},
	Title = {The {Greenland} Ice Core Chronology 2005, 15--42ka. Part 2: comparison to other records},
	Volume = {25},
	Year = {2006},
	Bdsk-Url-1 = {http://dx.doi.org/10.1016/j.quascirev.2006.08.003%22}}

@book{Tarantola:2005kx,
	Address = {Philadelphia, PA},
	Annote = {LDR    01343cam  22002774a 4500
001    13730924
005    20070110111830.0
008    040927s2005    paua     b    001 0 eng  
906    $a7$bcbc$corignew$d1$eocip$f20$gy-gencatlg
925 0  $aacquire$b2 shelf copies$xpolicy default
955    $apc17 2004-09-27 to ASCD$cjp43 2004-09-27$djp02 2004-10-05 to SL$ejp05 2004-10-05 to Dewey$aaa07 2004-10-06$apx02 2005-10-06 1 copy rec'd., to CIP ver.$ajp00 2005-10-13$fjp20 2006-03-03 Z-CipVer$gjp20 2006-03-03 to BCCD$aja15 2007-01-10 copy 2 added
010    $a  2004059038
020    $a0898715725 (pbk.)
035    $a(OCoLC)ocm56672375
040    $aDLC$cDLC$dYDX$dBAKER$dDLC
042    $apcc
050 00 $aQA371$b.T357 2005
082 00 $a515/.357$222
100 1  $aTarantola, Albert.
245 10 $aInverse problem theory and methods for model parameter estimation /$cAlbert Tarantola.
260    $aPhiladelphia, PA :$bSociety for Industrial and Applied Mathematics,$cc2005.
300    $axii, 342 p. :$bill. (some col.) ;$c26 cm.
504    $aIncludes bibliographical references (p. 317-332) and index.
650  0 $aInverse problems (Differential equations)
856 41 $3Table of contents$uhttp://www.loc.gov/catdir/toc/fy0605/2004059038.html
856 42 $3Publisher description$uhttp://www.loc.gov/catdir/enhancements/fy0665/2004059038-d.html
},
	Author = {Tarantola, Albert},
	Call-Number = {QA371},
	Date-Added = {2011-06-10 17:25:11 -0700},
	Date-Modified = {2011-06-10 17:25:11 -0700},
	Dewey-Call-Number = {515/.357},
	Genre = {Inverse problems (Differential equations)},
	Isbn = {0898715725 (pbk.)},
	Library-Id = {2004059038},
	Publisher = {Society for Industrial and Applied Mathematics},
	Title = {Inverse problem theory and methods for model parameter estimation},
	Url = {http://www.loc.gov/catdir/toc/fy0605/2004059038.html},
	Year = {2005},
	Bdsk-Url-1 = {http://www.loc.gov/catdir/toc/fy0605/2004059038.html}}

@article{Vinther:hc,
	Author = {B M Vinther and Clausen, Henrik B and Johnsen, Sigfus J and Rasmussen, S O and Andersen, K K and Buchardt, S L and Dahl-Jensen, Dorthe and Seierstad, I K and Siggaard-Andersen, M L and Steffensen, Jurgen P and Svensson, A and Olsen, J and Heinemeier, J},
	Date-Added = {2011-06-10 17:25:11 -0700},
	Date-Modified = {2012-03-02 11:29:14 -0800},
	Doi = {10.1029/2005JD006921},
	Journal = {Journal of Geophysical Research},
	Number = {D13},
	Pages = {1-11},
	Title = {A synchronized dating of three {Greenland} ice cores throughout the {Holocene}},
	Volume = {111},
	Year = {2006},
	Bdsk-Url-1 = {http://dx.doi.org/10.1029/2005JD006921%22}}

@article{dansg,
	Author = {W. Dansgaard and Johnsen, S. J.},
	Date-Added = {2011-02-12 14:49:54 -0800},
	Date-Modified = {2012-07-03 16:34:09 +0900},
	Journal = {Journal of Glaciology},
	Number = {53},
	Pages = {215--223},
	Publisher = {Journal of Glaciology},
	Title = {A flow model and a time scale for the ice core from {Camp Century, Greenland}},
	Volume = {8},
	Year = {1969}}

@book{Menke:1989bh,
	Address = {San Diego},
	Annote = {LDR    01070nam a2200301Z1 45 0
001    RLINCSCW90-B4871
008    900226s1989    caua     b    00110 eng  
010    $a   89031224
020    $a0124909213 (alk. paper)
035    $a(CLSU)801222
050 0  $aQC802.A1$bM46 1989
082 0  $a551$220
090    $aQC802.A1$bM46 1989$i02/26/90 CT
100 10 $aMenke, William.
245 10 $aGeophysical data analysis :$bdiscrete inverse theory /$cWilliam Menke.
250    $aRev. ed.
260 0  $aSan Diego :$bAcademic Press,$cc1989.
300    $axii, 285 p. :$bill. ;$c24 cm.
440  0 $aInternational geophysics series ;$vv. 45
500    $aIncludes index.
504    $aBibliography: p. 277-280.
650  0 $aGeophysics$xMeasurement.
650  0 $aOceanography$xMeasurement.
650  0 $aInverse problems (Differential equations)$xNumerical solutions.
950    $lSCI$i02/26/90 C
966    $aQC802.A1M46 1989$wLC$c0$b1$jSCIST$y4WEEK$i31275021029880$hSCISTK4WK$e08/28/96$n0011
596    $a21
926    $aSCI&ENG$bBOOKSTACKS$cQC802.A1M46 1989$d4WK/SEMSTR$f1
},
	Author = {Menke, W.},
	Call-Number = {QC802.A1},
	Date-Added = {2011-02-12 14:44:17 -0800},
	Date-Modified = {2012-07-03 16:33:03 +0900},
	Dewey-Call-Number = {551},
	Genre = {Geophysics},
	Isbn = {0124909213 (alk. paper)},
	Library-Id = {89031224},
	Publisher = {Academic Press},
	Title = {Geophysical data analysis: discrete inverse theory},
	Year = {1989}}

@book{Parker:1994qf,
	Address = {Princeton, N.J.},
	Annote = {LDR    00995pam a2200277uu 45 0
001    ocm29563750
008    931105s1994    njua     b    001 0 eng  
010    $a   93044915
020    $a0691036349 (acid-free) :$c 39.50
035    $a(CLSU)1080481
040    $aDLC$cDLC$dCSL
049    $aCSLS
050 00 $aQC808.5$b.P37 1994
082 00 $a550/.1/515$220
100 1  $aParker, Robert L.$q(Robert Ladislav),$d1942-
245 10 $aGeophysical inverse theory /$cRobert L. Parker.
260    $aPrinceton, N.J. :$bPrinceton University Press,$cc1994.
300    $axi, 386 p. :$bill. ;$c 25 cm.
504    $aIncludes bibliographical references (p. [375]-380) and index.
650  0 $aInversion (Geophysics)
650  0 $aGeophysics$xMeasurement.
650  0 $aFunctional analysis.
650  0 $aMathematical optimization.
966    $aQC808.5.P37 1994$wLC$c0$b1$jSCIST$y4WEEK$i31275026542242$hSCISTK4WK$e08/28/96$n0002
596    $a21
926    $aSCI&ENG$bBOOKSTACKS$cQC808.5.P37 1994$d4WK/SEMSTR$f1
},
	Author = {Parker, R. L.},
	Call-Number = {QC808.5},
	Date-Added = {2011-02-12 14:44:07 -0800},
	Date-Modified = {2012-07-03 16:32:39 +0900},
	Dewey-Call-Number = {550/.1/515},
	Genre = {Inversion (Geophysics)},
	Isbn = {0691036349 (acid-free)},
	Library-Id = {93044915},
	Publisher = {Princeton University Press},
	Title = {Geophysical inverse theory},
	Year = {1994}}

@article{Blunier:2001ve,
	Abstract = {A precise relative chronology for Greenland and West Antarctic paleotemperature is extended to 90,000 years ago, based on correlation of atmospheric methane records from the Greenland Ice Sheet Project 2 and Byrd ice cores. Over this period, the onset of seven major millennial-scale warmings in Antarctica preceded the onset of Greenland warmings by 1500 to 3000 years. In general, Antarctic temperatures increased gradually while Greenland temperatures were decreasing or constant, and the termination of Antarctic warming was apparently coincident with the onset of rapid warming in Greenland. This pattern provides further evidence for the operation of a "bipolar see-saw" in air temperatures and an oceanic teleconnection between the hemispheres on millennial time scales.},
	Address = {1200 NEW YORK AVE, NW, WASHINGTON, DC 20005 USA},
	Author = {Blunier, T and Brook, E. J.},
	Date-Added = {2011-02-12 14:40:58 -0800},
	Date-Modified = {2012-03-12 09:54:36 -0700},
	Isi = {000166259100044},
	Isi-Recid = {118088772},
	Isi-Ref-Recids = {109955763 114792788 77514433 106491477 90279400 102791823 104715756 114449872 116625935 118088837 114449871 118088838 85524748 118088839 113971766 20849363 90954402 63636855 102900585 112274193 89457781 116626204 118088840 104971788 114620113 101911488 112274196 63259191 113140241 113921056 113021580 114677384 115903736},
	Journal = {Science},
	Month = jan,
	Number = {5501},
	Pages = {109--112},
	Publisher = {AMER ASSOC ADVANCEMENT SCIENCE},
	Times-Cited = {401},
	Title = {Timing of millennial-scale climate change in {Antarctica} and {Greenland} during the last glacial period},
	Volume = {291},
	Year = {2001},
	Bdsk-Url-1 = {http://gateway.isiknowledge.com/gateway/Gateway.cgi?GWVersion=2&SrcAuth=Alerting&SrcApp=Alerting&DestApp=WOS&DestLinkType=FullRecord;KeyUT=000166259100044}}

@article{Brook:2005ly,
	Abstract = {Using atmospheric methane and the isotopic composition of O-2 as correlation tools, we place the 6D record of ice from the Siple Dome (West Antarctica) ice core on a precise common chronology with the GISP2 (Greenland) ice core for the period from 9 to 57 ka. The onset of major millennial warming events in Siple Dome preceded major abrupt warmings in Greenland, and the pattern of millennial change at Siple Dome was broadly similar, though not identical, to that previously observed for the Byrd ice core (also in West Antarctica). The addition of Siple Dome to the database of well-dated Antarctic paleoclimate records supports the case for a coherent regional pattern of millennial-scale climate change in Antarctica during much of the last ice age and glacial-interglacial transition.},
	Address = {THE BOULEVARD, LANGFORD LANE, KIDLINGTON, OXFORD OX5 1GB, ENGLAND},
	Author = {Brook, E. J. and White, J. W. C. and Schilla, A. S. M. and Bender, M. L. and Barnett, B and Severinghaus, J. P. and Taylor, K. C. and Alley, R. B. and Steig, E. J.},
	Date-Added = {2011-02-12 14:40:55 -0800},
	Date-Modified = {2012-03-12 09:55:19 -0700},
	Doi = {10.1016/j.quascirev.2005.02.002},
	Isi = {000229646700002},
	Isi-Recid = {144746645},
	Isi-Ref-Recids = {123057649 109974077 144746646 116676713 106491477 118088772 115361351 97099700 67720362 83259785 144746647 9060588 118070793 132707459 85524748 41629380 133052263 120173389 54111707 90954402 135789165 56398963 80992369 103102335 135832755 126254552 98056353 75423797 134561925 144746648 128896881 68861158 101911488 82518161 128153987 112274196 103484391 91999671 68861155 128993473 121530153 82009411 132340235 126254551 144746649 133052148 144746650 125565741 123320360 124953920 130681692},
	Journal = {Quaternary Science Reviews},
	Month = jul,
	Number = {12-13},
	Pages = {1333-1343},
	Publisher = {PERGAMON-ELSEVIER SCIENCE LTD},
	Times-Cited = {35},
	Title = {Timing of millennial-scale climate change at {Siple Dome, West Antarctica}, during the last glacial period},
	Volume = {24},
	Year = {2005},
	Bdsk-Url-1 = {http://gateway.isiknowledge.com/gateway/Gateway.cgi?GWVersion=2&SrcAuth=Alerting&SrcApp=Alerting&DestApp=WOS&DestLinkType=FullRecord;KeyUT=000229646700002}}

@article{Nereson:1998zr,
	Abstract = {The non-linearity of the ice-flow law or a local accumulation low over an ice divide can cause isochrones (internal layers) to be shallower under the divide relative to the flanks, forming a "divide bump" in the internal layer pattern. This divide signature is analyzed using ice-flow models and inverse techniques to detect and quantify motion of the Siple Dome ice divide,West Antarctica. The principal feature indicating that migration has occurred is a distinct tilt of the axis of the peaks of the warped internal layers beneath the divide. The calculated migration rate is 0.05-0.50 m a(-1) toward Ice Stream D and depends slightly on whether the divide bump is caused by the non-linearity of ice flow or by a local accumulation low. Our calculations also suggest a strong south-north accumulation gradient of 5-10 x 10(-6) a(-1) in a narrow zone north of the divide. A consequence of divide migration is that pre-Holocene ice is thickest about 0.5 km south of the present divide position. Divide motion indicates that non-steady processes, possibly associated with activity of the bounding ice streams, are affecting the geometry of Siple Dome. The migration rate is sufficiently slow that the divide bump is maintained in the internal layer pattern at all observable depths. This suggests that major asynchronous changes in the elevation or position of the bounding ice streams are unlikely over at least the past 10(3)-10(4) years.},
	Address = {LENSFIELD RD, CAMBRIDGE, ENGLAND CB2 1ER},
	Author = {Nereson, N. A. and Raymond, C. F. and Waddington, E. D. and Jacobel, R. W.},
	Date-Added = {2011-02-12 14:38:28 -0800},
	Date-Modified = {2012-03-12 09:46:28 -0700},
	Isi = {000078803400020},
	Isi-Recid = {109012650},
	Isi-Ref-Recids = {69340870 80961596 65640735 87677569 101103847 68845096 54922906 73211456 47967448 41629372 30068029 99082907 44408891 102132773 109012651 95071610 101850133 19943559 81835384 98056353 109012652 109012636 92971020 109012653 52771003 86725915 106259742 109012654 99082911 26507686},
	Journal = {Journal of Glaciology},
	Number = {148},
	Pages = {643--652},
	Publisher = {INT GLACIOL SOC},
	Times-Cited = {29},
	Title = {Migration of the {Siple Dome} ice divide, {West Antarctica}},
	Volume = {44},
	Year = {1998},
	Bdsk-Url-1 = {http://gateway.isiknowledge.com/gateway/Gateway.cgi?GWVersion=2&SrcAuth=Alerting&SrcApp=Alerting&DestApp=WOS&DestLinkType=FullRecord;KeyUT=000078803400020}}

@article{Nereson:2002ys,
	Abstract = {We use simple numerical and analytical models of ice flow and heat flow to characterize the shape of isochrones and isotherms beneath moving ice divides. Both non-linear ice flow and reduced accumulation (wind scouring) at a divide can cause reduced downward flow in a region about one ice thickness wide under a divide. Greater downward velocities on the flanks cause isochrones and isotherms to become arched at depth. The magnitudes and shapes of these arches depend on the history of divide position. Arch amplitudes decrease by approximately e(-1) for each increase in migration rate of 3-5 times the accumulation rate, the arches become asymmetric, with steeper leading edges and more gentle trailing edges, and the arch apex lags behind the divide. Isochrone and isotherm shapes can be used to infer past divide motions. In advection-dominated ice sheets, isochrone shapes record a longer history of divide position than do isotherm shapes. The opposite is true for diffusion-dominated ice sheets, in which a spatial array of ice-temperature measurements might extend the recorded history of divide position.},
	Address = {LENSFIELD RD, CAMBRIDGE CB2 1ER, ENGLAND},
	Author = {Nereson, N. A. and Waddington, E. D.},
	Date-Added = {2011-02-12 14:38:09 -0800},
	Date-Modified = {2012-03-12 09:46:47 -0700},
	Isi = {000177534700011},
	Isi-Recid = {126137250},
	Isi-Ref-Recids = {112081105 17176277 73211456 47967448 109646478 102132773 122781267 98056353 109012650 10445092 39873414 58598850 92971020 52771003 65687592 73211457 109646399 109396929 109012654 73211458},
	Journal = {Journal of Glaciology},
	Number = {160},
	Pages = {95--108},
	Publisher = {INT GLACIOL SOC},
	Times-Cited = {14},
	Title = {Isochrones and isotherms beneath migrating ice divides},
	Volume = {48},
	Year = {2002},
	Bdsk-Url-1 = {http://gateway.isiknowledge.com/gateway/Gateway.cgi?GWVersion=2&SrcAuth=Alerting&SrcApp=Alerting&DestApp=WOS&DestLinkType=FullRecord;KeyUT=000177534700011}}

@article{HUTCHINSON:1985vn,
	Address = {175 FIFTH AVE, NEW YORK, NY 10010},
	Author = {Hutchinson, M. F. and de Hoog, F. R.},
	Date-Added = {2011-02-12 14:35:25 -0800},
	Date-Modified = {2012-07-03 15:48:24 +0900},
	Isi = {A1985APM8000007},
	Isi-Recid = {56586051},
	Isi-Ref-Recids = {52144075 36186506 12520094 41813646 36930683 54428598 51666384 26682743 41516837 40654374 19578319 14068049 9845303 56586052 50392602 44305360 39398798 48750851 28375590 48523163 39623779},
	Journal = {Numerische Mathematik},
	Number = {1},
	Pages = {99--106},
	Publisher = {SPRINGER VERLAG},
	Times-Cited = {115},
	Title = {Smoothing noisy data with spline functions},
	Volume = {47},
	Year = {1985},
	Bdsk-Url-1 = {http://gateway.isiknowledge.com/gateway/Gateway.cgi?GWVersion=2&SrcAuth=Alerting&SrcApp=Alerting&DestApp=WOS&DestLinkType=FullRecord;KeyUT=A1985APM8000007}}

@article{Waddington:2007kx,
	Abstract = {The spatial pattern of accumulation rate can be inferred from internal layers in glaciers and ice sheets. Non-dimensional analysis determines where finite strain can be neglected ('shallow-layer approximation') or approximated with a local one-dimensional flow model ('local-layer approximation'), and where gradients in strain rate along particle paths must be included ('deep layers'). We develop a general geophysical inverse procedure to infer the spatial pattern of accumulation rate along a steady-state flowband, using measured topography of the ice-sheet surface, bed and a 'deep layer'. A variety of thermomechanical ice-flow models can be used in the forward problem to calculate surface topography and ice velocity, which are used to calculate particle paths and internal-layer shapes. An objective tolerance criterion prevents over-fitting the data. After making site-specific simplifications in the thermomechanical flow algorithm, we find the accumulation rate along a flowband through Taylor Mouth, a flank site on Taylor Dome, Antarctica, using a layer at approximately 100 m depth, or 20\% of the ice thickness. Accumulation rate correlates with ice-surface curvature. At this site, gradients along flow paths critically impact inference of both the accumulation pattern, and the depth-age relation in a 100 m core.},
	Address = {LENSFIELD RD, CAMBRIDGE CB2 1ER, ENGLAND},
	Author = {Waddington, E. D. and Neumann, T. A. and Koutnik, M. R. and Marshall, H {-P}. and Morse, D. L.},
	Date-Added = {2011-02-12 14:34:39 -0800},
	Date-Modified = {2012-07-03 16:39:44 +0900},
	Isi = {000252626400019},
	Isi-Recid = {160387578},
	Isi-Ref-Recids = {107261877 142965051 134069641 132703790 112081105 17176277 160387579 123588209 73211456 147366330 156411725 109974067 31839727 99082969 122386595 160387580 102132773 113971766 123588210 135071155 142137194 149195640 116268773 133543535 135832755 159295633 103643722 3427032 113506208 106726254 126137250 109012650 115294446 122781267 147895385 128469672 128657171 30068032 102390855 152120745 132101279 8765761 124548751 60038826 52771003 71418376 65687592 135649827 146905630 118083158 109646570 103643725 143381041 83546869 109396929 146905689 128993298 115294455 99082911},
	Journal = {Journal of Glaciology},
	Number = {183},
	Pages = {694--712},
	Publisher = {INT GLACIOL SOC},
	Times-Cited = {10},
	Title = {Inference of accumulation-rate patterns from deep layers in glaciers and ice sheets},
	Volume = {53},
	Year = {2007},
	Bdsk-Url-1 = {http://gateway.isiknowledge.com/gateway/Gateway.cgi?GWVersion=2&SrcAuth=Alerting&SrcApp=Alerting&DestApp=WOS&DestLinkType=FullRecord;KeyUT=000252626400019}}

@article{Steen-Larsen:2010uq,
	Abstract = {Using a Monte Carlo (MC) method, we determine the accumulation-rate profile along a flowband, the influx of ice into the upstream end of the flowband and the age of an internal layer. The data comprise the depth profile of the internal layer, a few velocity measurements at the surface and the average accumulation at one location. The data in our example were collected at Taylor Mouth, a flank site off Taylor Dome, Antarctica. We present three alternative formulations of this inverse problem. Depending on the formulation used, this particular inverse problem can have up to four solutions, each corresponding to a different spatial accumulation-rate pattern. This study demonstrates the ability of a MC method to find several solutions to this inverse problem, and how to use a Metropolis algorithm to determine the probability distribution of each of these different solutions. The only disadvantage of the MC method is that it is computationally more expensive than other inverse methods, such as the Gradient method.},
	Address = {LENSFIELD RD, CAMBRIDGE CB2 1ER, ENGLAND},
	Author = {Steen-Larsen, Hans Christian and Waddington, Edwin D. and Koutnik, Michelle R.},
	Date-Added = {2011-02-12 14:32:11 -0800},
	Date-Modified = {2011-11-03 07:25:04 -0700},
	Isi = {000280258200014},
	Isi-Recid = {190470429},
	Isi-Ref-Recids = {149316601 109219187 109974067 54212083 100246580 190470430 117363763 377671 98086963 136953883 105847497 128470279 92070479 30068032 102390855 132101279 145154672 143381041 160387578},
	Journal = {Journal of Glaciology},
	Number = {196},
	Pages = {318--332},
	Publisher = {INT GLACIOL SOC},
	Times-Cited = {0},
	Title = {Formulating an inverse problem to infer the accumulation-rate pattern from deep internal layering in an ice sheet using a {Monte Carlo} approach},
	Volume = {56},
	Year = {2010},
	Bdsk-Url-1 = {http://gateway.isiknowledge.com/gateway/Gateway.cgi?GWVersion=2&SrcAuth=Alerting&SrcApp=Alerting&DestApp=WOS&DestLinkType=FullRecord;KeyUT=000280258200014}}

@article{Waddington:2005fk,
	Abstract = {Ice thickness in West Antarctica at the Last Glacial Maximum (LGM) is poorly known, yet is key information for understanding ice streams and interpreting ice cores. Although trim lines, moraine limits, and exposure-age dating provide geologic constraints on ice thickness near the Transantarctic Mountains and in Marie Byrd Land, lack of exposed bedrock hampers traditional geologic methods in a central, similar to 2 x 10(6) km(2) region. Here we infer ice-sheet thickness changes in the central Ross Sea Embayment by using a transient ice-flow model to find combinations of accumulation-rate and ice-sheet thickness histories that match the depth-age relationship and the measured layer-thickness pattern in the Siple Dome ice core. After we reject unreasonable accumulation-rate histories, the remaining history pairs indicate thinning of 200-400 m since the LGM. Our estimate is lower than previous reconstructions that were constrained by geologic evidence from the Transantaretic Mountains and by marine data from the Ross Sea floor, which indicate that a grounded ice sheet extended to the continental shelf margin during the last glacial period. Low surface elevations in the central Ross Sea Embayment during the LGM do not preclude thicker ice along its boundaries. However, if this grounded ice sheet came over 1000 km from interior West Antarctica, as is usually assumed, then it had very low surface slope, requiring a very slippery bed. Alternatively, the grounded Ross Sea ice might have flowed from the Transantarctic Mountains and western Marie Byrd Land.},
	Address = {PO BOX 9140, BOULDER, CO 80301-9140 USA},
	Author = {Waddington, E.D. and Conway, H and Steig, E.J. and Alley, R.B. and Brook, E.J. and Taylor, K.C. and White, J.W.C.},
	Date-Added = {2011-02-12 14:31:39 -0800},
	Date-Modified = {2012-03-12 09:38:43 -0700},
	Isi = {000228127100011},
	Isi-Recid = {143678916},
	Isi-Ref-Recids = {123057429 135924415 112991395 112081105 17176277 68845096 118141853 40938272 90954408 101850126 135832755 122781267 109012650 135924458 52771003 143678917 118083158 127603422 42769322 133052148},
	Journal = {Geology},
	Keywords = {Antarctic Ice Sheet; ice cores; ice streams; glaciology; sea level; climate},
	Month = apr,
	Number = {4},
	Pages = {281--284},
	Publisher = {GEOLOGICAL SOC AMERICA, INC},
	Times-Cited = {12},
	Title = {Decoding the dipstick: Thickness of {Siple Dome, West Antarctica}, at the {Last Glacial Maximum}},
	Volume = {33},
	Year = {2005},
	Bdsk-Url-1 = {http://gateway.isiknowledge.com/gateway/Gateway.cgi?GWVersion=2&SrcAuth=Alerting&SrcApp=Alerting&DestApp=WOS&DestLinkType=FullRecord;KeyUT=000228127100011}}
